2320 3444
137 226 189 264 [Α.
210 229 304 261 1220]

923 222 1199 260 CHRONICA

143 356 158 373 ⁸
171 353 333 393 ecclesia,
357 354 430 387 iure
452 356 669 397 sperauimus
685 365 748 388 nos
771 355 983 398 specialiter,

115 413 118 416 “
143 407 232 450 “qui
253 407 399 450 speciali
431 414 467 441 et
497 408 630 441 efficaci
664 409 779 441 studio
810 409 856 440 ad
887 415 981 441 tuam

142 460 446 494 “sublimationem
479 462 699 501 intendimus,
722 463 798 494 iure
830 462 980 505 denique

142 514 317 547 “credere
340 515 450 557 potuit
473 521 566 548 totus
588 515 747 554 mundus,
771 516 864 558 quod
887 515 982 547 nullo

141 568 157 584 ⁸
170 577 320 610 unquam
332 574 490 610 tempore
503 574 537 601 te
553 573 727 601 tantorum
741 573 881 610 raperet
896 567 982 600 obli-

141 621 156 638 “
169 619 226 651 uio
243 621 454 660 meritorum,
470 627 522 654 set
538 632 675 664 semper
691 633 732 654 ea
748 622 784 653 in
801 622 908 654 corde
924 627 982 653 tuo

141 674 157 691 ⁸
170 674 315 706 memori
337 674 560 708 meditatione
583 674 796 713 reuolueres,
820 685 861 707 ac
877 675 913 706 in
929 675 982 707 di-

141 728 156 746 ⁸
169 726 321 759 lectione
343 738 429 760 uera
450 734 485 760 et
506 729 644 761 sincera
667 727 855 761 deuotione
877 727 983 770 ipsius

142 780 359 823 “apostolice
405 781 499 814 sedis
535 781 672 813 cunctis
709 782 782 814 uite
808 787 867 814 tue
895 787 983 814 tem-

141 835 156 852 ⁸
169 833 310 876 poribus
325 834 508 868 immobilis
530 844 762 877 permaneres,
802 834 982 867 Timemus

141 888 156 905 ⁸
169 894 284 919 autem
301 899 344 919 ne
360 897 423 921 nos
437 898 517 930 spes
528 887 607 926 ista,
620 887 872 930 quantumlibet
883 888 982 927 iusta,

141 940 349 974 ‘fefellerit
395 942 576 974 Timemus
602 952 646 974 ne
677 941 754 983 ipsa
784 947 842 974 tua
872 946 983 973 mater

141 995 323 1028 ⁸ecclesia
350 995 488 1028 Domini
511 994 610 1028 uerbi
633 995 682 1028 uti
706 1000 853 1039 cogatur
876 1000 912 1027 et
928 994 980 1027 di-

142 1049 157 1067 ⁸
171 1058 273 1082 cere:
317 1050 332 1066 ⁸
345 1049 486 1082 Penitet
525 1059 578 1081 me
605 1047 736 1091 fecisse
773 1047 938 1080 hominem
952 1071 982 1088 „.

141 1102 157 1119 ⁸
169 1100 347 1134 Timemus
369 1112 413 1134 ne
429 1101 577 1139 illorum,
593 1101 651 1145 qui
667 1106 790 1144 optant
813 1101 982 1133 unitatem

141 1156 157 1173 ⁸
170 1154 320 1188 ecclesie
342 1165 385 1187 ac
407 1155 544 1198 imperii
567 1155 632 1188 toti
649 1154 829 1188 christiani
852 1155 983 1197 populo

141 1209 157 1226 ⁸
169 1209 399 1242 necessariam
422 1209 480 1251 pia
505 1209 679 1242 desideria
694 1213 852 1251 pereant,
870 1214 904 1240 et
919 1208 982 1240 im-

142 1262 228 1304 ⁸pia
249 1268 333 1295 uota
363 1263 604 1306 compleantur
633 1263 772 1296 illorum
804 1262 863 1305 qui
893 1262 984 1295 desi-

141 1316 157 1334 ⁸
170 1315 293 1349 derant
329 1322 366 1349 ut
399 1316 543 1349 ueniant
580 1316 759 1356 scandala,
794 1316 852 1359 qui
887 1316 985 1358 pacis

142 1369 157 1386 ⁸
169 1368 261 1402 bona
275 1369 425 1403 oderunt
440 1376 475 1403 et
489 1371 527 1402 in
542 1371 641 1404 malis
657 1370 869 1404 discordiam
887 1369 983 1402 exul-

143 1420 255 1456 “tant.
298 1422 458 1468 Longum
480 1424 650 1467 siquidem
667 1429 759 1457 esset
781 1433 985 1456 enumerare

142 1477 157 1495 ⁸
168 1476 304 1518 singula
325 1477 363 1510 in
385 1477 510 1521 quibus
526 1488 611 1522 erga
625 1488 690 1511 nos
706 1484 741 1512 et
763 1482 911 1510 matrem
927 1486 984 1509 ec-

142 1531 157 1548 ⁸
170 1529 313 1563 clesiam
352 1530 454 1563 aliter
495 1542 599 1574 quam
637 1531 985 1575 circumspectionem

142 1584 261 1616 “tuam
294 1584 454 1617 decuerit
482 1590 518 1617 te
549 1585 699 1628 gessisti,
730 1590 765 1618 et
794 1586 830 1617 in
861 1583 986 1629 quibus

143 1637 354 1670 “ostendisti
387 1638 497 1671 uerbo
529 1644 564 1672 et
595 1647 701 1681 opere
724 1644 759 1671 te
782 1638 988 1672 beniuolen-

143 1689 266 1729 “tiam‚
289 1701 394 1734 quam
421 1691 496 1734 ipsa
518 1697 578 1724 tua
608 1698 718 1724 mater
748 1691 901 1725 ecclesia
922 1691 987 1725 tibi

145 1744 160 1762 ⁸
173 1743 340 1783 exhibuit,
362 1745 400 1777 in
423 1745 590 1778 memoria
605 1751 708 1788 prout
722 1751 817 1778 tuam
840 1746 988 1780 deceret

230 1884 254 1904 2.
273 1879 350 1911 quod
371 1879 435 1905 Cod.
454 1893 487 1897 —
509 1886 550 1912 13.
568 1879 656 1904 verbo
675 1879 774 1906 GAun.
794 1894 827 1898 —
855 1887 897 1914 15.
921 1881 986 1906 imi-

141 1924 283 1949 tationem
299 1931 352 1948 non
370 1924 512 1949 unitatem
535 1923 599 1949 Cod.
619 1937 651 1942 --
673 1931 715 1958 19.
734 1925 866 1950 scandela
888 1926 952 1951 Cod-

231 2043 289 2070 ¹Si
314 2046 404 2071 tratta
429 2045 505 2071 delia
532 2045 671 2071 missione
695 2046 809 2072 inviata
833 2046 911 2072 coila
936 2047 1039 2072 lettera

141 2085 286 2111 ricordata
305 2094 321 2111 a
335 2094 362 2119 p.
385 2085 434 2119 138
454 2088 523 2112 nota
542 2094 558 2120 3
578 2086 624 2111 del
646 2092 676 2118 17
691 2087 738 2117 xl,
755 2086 832 2112 1226.
868 2087 984 2112 Furono
996 2087 1038 2112 al-

140 2128 203 2154 lora
223 2128 368 2154 mandati:
383 2127 484 2154 Lnndo
497 2131 684 2154 arcivescovo
704 2130 735 2155 di
755 2130 867 2163 Reggio
887 2139 901 2155 e
919 2131 1040 2156 Simone

139 2171 325 2196 arcivescovo
344 2171 375 2196 di
400 2171 481 2202 Tiro,
506 2173 626 2197 insieme
650 2180 705 2198 con
731 2173 877 2200 Ermanno
902 2173 932 2198 di
958 2173 1038 2198 Saltz

140 2214 263 2239 mae-tro
283 2214 328 2238 dei
347 2213 494 2239 Cavaneri
515 2216 667 2245 teutonici,
686 2215 885 2241 coll'incarico
900 2216 930 2240 di
943 2217 1038 2241 rimet-

139 2256 210 2282 tersi
229 2255 275 2281 del
294 2257 372 2281 tutto
395 2256 586 2282 all'arbitrnto
605 2258 651 2282 del
670 2265 752 2291 papa.
789 2259 874 2283 Delia
899 2258 1038 2283 missione

140 2298 240 2324 fneeva
259 2306 328 2332 pure
346 2301 428 2331 parte
449 2298 506 2324 “R.
526 2300 598 2325 luris
617 2300 716 2325 clvllis
735 2301 880 2334 professor
891 2319 916 2334 η,
939 2301 990 2327 che
1017 2301 1038 2326 il

140 2341 263 2367 Ferretti
282 2340 335 2374 (op.
359 2342 415 2372 cit„
440 2350 468 2376 p.
493 2342 555 2375 257)
579 2343 830 2369 identiflcherebbe
855 2345 901 2369 col
927 2344 1038 2369 famoso

140 2383 274 2408 Roffredo
292 2383 323 2408 di
341 2383 521 2413 Benevento;
541 2386 650 2410 mentre
667 2383 682 2410 ὲ
701 2386 777 2411 assai
797 2383 848 2419 piu
867 2393 997 2419 congruo
1016 2387 1038 2411 il

139 2425 258 2459 pensare
277 2427 327 2451 che
346 2427 370 2451 si
392 2426 476 2452 tratti
496 2427 526 2452 di
546 2427 611 2459 quel
633 2427 791 2461 “magister
803 2428 950 2454 Roffridus
963 2447 976 2460 „
989 2427 1039 2462 gia

140 2468 289 2494 ricordato
309 2468 504 2501 nell’epistola
527 2470 557 2494 dl
584 2469 696 2495 Onorlo
716 2470 756 2495 111
774 2471 820 2496 dei
848 2478 882 2504 ²4
907 2471 929 2502 1,
957 2471 1037 2502 1226;

141 2510 177 2536 cf.
195 2510 391 2540 Ronmmzno,
410 2511 431 2542 1,
452 2519 480 2536 n.
498 2518 561 2544 290,
581 2519 609 2545 p.
628 2518 689 2538 212,

228 2550 240 2569 ²
258 2552 390 2578 L’invito
410 2553 485 2578 fatto
504 2554 540 2579 da
560 2553 672 2579 Onorio
685 2554 725 2580 111
747 2555 930 2581 “rectoribus
943 2564 1038 2581 comu-

141 2595 268 2620 “nitatis
288 2595 485 2628 LombardIe„
507 2597 535 2621 di
556 2596 692 2622 mandare
711 2605 726 2622 a
745 2596 836 2623 Roma
857 2600 866 2622 i
886 2599 950 2624 loro
974 2606 1038 2632 rap-

141 2639 329 2670 presentanti,
343 2637 356 2651 ⁸
367 2639 504 2671 quatinus
519 2640 549 2664 in
564 2640 639 2664 festo
653 2642 781 2665 omnium
796 2643 960 2666 sanctorum
974 2649 1039 2674 pro-

144 2679 248 2706 “ximo
267 2683 427 2713 venturo„
446 2683 555 2707 mostra
581 2683 631 2707 che
656 2682 852 2708 l’nmbasciata
871 2684 900 2708 di
926 2684 1039 2709 Federi-

141 2729 176 2748 co
193 2721 220 2747 11
239 2722 266 2748 ai
286 2731 360 2756 papa
380 2723 410 2749 fu
430 2725 551 2755 inviam,
573 2732 631 2750 non
646 2725 691 2750 nel
707 2726 871 2757 novembre,
884 2733 963 2751 come
976 2727 1039 2752 dice

141 2762 185 2792 R„
205 2771 249 2788 ma
269 2771 351 2789 verso
370 2764 411 2797 gli
432 2765 528 2790 ultimi
544 2765 739 2791 dell’ottobre.
775 2766 789 2791 1
802 2765 954 2792 Lombardi
970 2767 1038 2800 pero

142 2805 206 2831 solo
225 2806 248 2831 11
268 2813 298 2831 21
320 2806 359 2832 XI
384 2808 407 2832 sl
434 2809 591 2833 riunirono
617 2817 632 2834 a
658 2808 791 2842 Bologna
817 2817 866 2842 per
890 2810 1002 2836 inviare
1028 2811 1038 2835 i

141 2847 207 2873 loro
226 2851 455 2882 rappresentnnti
476 2858 492 2875 ι
511 2851 671 2884 pacificarsi
691 2858 706 2876 e
719 2853 902 2877 concordam
916 2852 1039 2878 coll’lm·

142 2891 282 2922 peratore.

230 2932 255 2958 11
274 2934 343 2959 lodo
362 2935 408 2960 del
427 2943 501 2969 papa
521 2935 566 2961 del
587 2942 601 2968 5
622 2937 642 2966 Ι,
663 2942 741 2968 1227.
760 2937 809 2969 qui
828 2938 984 2970 tlassunto,
1007 2939 1038 2964 fu

142 2976 220 3001 tutto
237 2983 254 3000 ι
273 2976 371 3002 ἀειηῃο
390 2977 419 3002 di
440 2978 577 3003 Federico
596 2979 631 3010 11,
653 2981 790 3005 costretto
809 2987 826 3005 ι
845 2981 1009 3006 condonare
1030 2983 1036 3006 ἰ

143 3017 233 3043 dauni
251 3026 266 3043 e
284 3018 312 3044 le
331 3019 421 3046 osrese
440 3021 576 3051 r1cevute,
598 3029 682 3047 senza
708 3021 791 3048 alcun
817 3030 970 3058 compenso
990 3031 1039 3060 per

1050 836 1087 868 10

1050 1103 1088 1136 15

1047 1372 1089 1404 20

1049 1640 1089 1672 25

1230 355 1352 388 Mense
1371 354 1578 388 Novembris
1594 354 1752 398 Reginus
1774 360 1809 387 et
1824 354 1990 399 Tyrensis

1142 408 1396 451 archiepiscopi
1413 419 1492 442 cum
1508 409 1673 452 magistro
1688 407 1811 441 domus
1827 408 1991 441 Alaman-

1143 472 1262 494 norum
1288 474 1308 494 a
1330 463 1459 495 Cesare
1483 462 1664 494 mittuntur
1694 462 1739 495 ad
1769 472 1894 504 papam
1926 473 1989 504 pro

1141 516 1392 557 compositione
1430 516 1520 548 inter
1554 515 1665 557 ipsum
1700 520 1736 547 et
1772 514 1991 548 Lombardos

1142 567 1306 600 facienda
1319 568 1339 600 ¹.
1364 569 1458 601 Inter
1474 579 1570 612 quos,
1586 568 1761 601 mediante
1776 578 1879 611 papa,
1895 568 1991 600 facta

1141 626 1195 653 est
1217 621 1253 653 in
1275 623 1369 655 hunc
1391 623 1546 654 modum:
1565 622 1661 664 quod
1677 621 1869 663 Imperator
1883 632 1990 665 gene-

1142 674 1259 707 raliter
1274 675 1417 708 remittit
1429 674 1588 708 omnibus
1601 675 1768 717 predictis
1781 674 1991 714 ciuitatibus,

1141 727 1265 771 legatis
1287 728 1504 770 presentibus
1520 728 1663 766 ibidem,
1680 735 1715 761 et
1729 729 1796 771 ipsi
1812 738 1875 771 pro
1891 734 1990 770 parte

1143 781 1320 813 ciuitatum
1335 782 1535 814 iurauerunt
1547 793 1670 824 pacem
1684 782 1775 815 inter
1790 792 1827 814 se
1839 782 1991 814 inuicem

1142 834 1338 872 obseruare,
1363 834 1411 876 [et
1435 835 1551 867 denuo
1576 836 1794 867 committere
1817 844 1896 867 cum
1928 835 1990 867 do-

1143 887 1248 929 mino]
1274 887 1486 930 Imperatore
1519 887 1647 920 milites
1678 897 1776 921 cccc.
1807 888 1853 921 ad
1883 887 1991 921 subsi-

1143 940 1237 972 dium
1262 940 1372 972 Terre
1397 946 1516 973 sancte
1541 941 1575 972 in
1590 941 1875 974 transfretatione
1892 952 1954 974 sua
1967 941 1989 974 ¹.

1233 993 1427 1035 Imperator
1449 1004 1568 1026 mense
1592 994 1796 1027 Decembris
1819 1005 1898 1027 cum
1929 995 1992 1026 im-

1143 1046 1317 1088 peratrice
1342 1053 1504 1079 consorte
1527 1047 1639 1079 suain
1656 1047 1810 1080 Siciliam
1824 1049 1992 1080 transfre-

1142 1106 1194 1133 tat
1205 1099 1228 1139 ³,
1244 1106 1277 1132 et
1292 1105 1377 1132 tunc
1394 1099 1573 1142 Stephano
1590 1100 1707 1134 abbati
1730 1100 1914 1133 Casinensi
1930 1101 1992 1133 has

1142 1152 1360 1196 indulgentie
1385 1153 1517 1186 litteras
1540 1153 1668 1186 mittit:

1230 1206 1466 1249 Fremericus]
1481 1212 1514 1239 et
1530 1211 1643 1240 cetera
1655 1207 1678 1245 ⁴,
1693 1206 1868 1251 Stephano
1891 1219 1990 1240 uene-

1144 1260 1252 1292 rabili
1275 1259 1454 1293 casinensi
1473 1261 1588 1293 abbati
1597 1261 1700 1303 fideli
1719 1272 1777 1293 suo
1805 1266 1839 1294 ct
1867 1266 1989 1295 cetera.

1233 1314 1418 1347 Fidelitati
1437 1319 1496 1347 tue
1515 1315 1731 1358 presentibus
1753 1315 1903 1347 uolumus
1925 1325 1993 1347 csse

1144 1372 1266 1409 notum,
1291 1369 1382 1411 quod
1402 1369 1450 1401 ad
1469 1370 1753 1413 supplicationem
1772 1374 1876 1407 tuam,
1892 1380 1992 1413 quam

1145 1425 1211 1466 per
1240 1422 1385 1455 iudicem
1419 1423 1565 1455 Petrum
1595 1423 1638 1455 de
1667 1421 1791 1455 Sancto
1823 1423 1992 1455 Germano

1136 1476 1275 1518 fidelem
1298 1480 1448 1508 nostrum
1483 1480 1596 1509 nostro
1628 1476 1769 1509 culmini
1795 1476 1992 1520 porrexisti,

1142 1529 1324 1572 petitiones
1347 1533 1422 1561 tuas
1443 1529 1623 1562 clementer
1653 1530 1858 1572 admisimus,
1888 1532 1994 1573 super

1145 1592 1182 1614 eo
1204 1582 1372 1621 uidelicet,
1397 1583 1488 1626 quod
1508 1584 1650 1627 antiqua
1672 1584 1750 1616 iura
1773 1587 1807 1616 et
1835 1583 1992 1625 rationes,

1146 1635 1264 1679 quibus
1298 1639 1452 1680 tempore
1485 1637 1586 1680 regis
1618 1636 1795 1670 Guillelmi
1820 1636 1995 1669 recolende

1146 1690 1306 1722 memorie
1333 1694 1426 1722 tuum
1458 1691 1699 1723 monasterium
1730 1695 1779 1723 est
1809 1691 1993 1734 prouisum,

1147 1743 1212 1775 tibi
1232 1747 1267 1776 et
1288 1744 1361 1787 ipsi
1381 1744 1584 1776 monasterio
1607 1754 1808 1777 conseruare
1822 1744 1863 1776 de
1878 1748 1994 1777 nostra

1238 1886 1261 1904 1.
1281 1878 1429 1912 Tyriensis
1449 1878 1535 1910 Uen„
1554 1879 1617 1904 Dm.
1636 1879 1680 1905 Rs
1693 1893 1725 1898 —-
1745 1886 1796 1912 2-3.
1815 1879 1991 1904 Alamanno-

1147 1932 1209 1950 rum
1228 1924 1314 1955 Uou„
1334 1924 1396 1950 Det.
1414 1923 1458 1949 Rs
1478 1937 1510 1942 —
1527 1931 1568 1949 11.
1581 1925 1641 1949 dari
1657 1923 1764 1949 milites
1776 1923 1861 1956 Uen„
1874 1924 1936 1950 Dat
1948 1923 1992 1949 Rs

1094 2044 1123 2072 se
1142 2054 1157 2071 e
1176 2054 1191 2071 a
1211 2047 1290 2072 tutto
1310 2047 1479 2079 vantaggio,
1499 2047 1606 2076 invoee,
1627 2046 1703 2071 della
1720 2046 1832 2072 Chiesa.

1181 2088 1389 2122 L’imperatore
1399 2088 1468 2114 deve
1479 2090 1647 2114 amnistiare
1660 2096 1675 2113 c
1685 2090 1841 2122 perdonare
1857 2088 1871 2102 ⁸
1879 2097 1990 2114 omnem

1091 2133 1104 2146 ‘⁴
1116 2139 1275 2162 rancorem,
1296 2132 1535 2162 malivolentiam,
1558 2133 1679 2156 iniurias
1693 2134 1721 2156 et
1736 2132 1855 2157 offensas
1866 2149 1889 2162 η,
1907 2134 1992 2157 avute

1093 2174 1128 2198 da
1148 2182 1268 2207 persone
1287 2183 1300 2198 e
1320 2172 1404 2204 citta3
1426 2181 1558 2199 revocare
1576 2174 1700 2199 l’ordine
1719 2175 1747 2199 cli
1775 2175 1908 2199 chiusura
1933 2174 1992 2199 del-

1092 2215 1275 2242 l’universitri
1294 2218 1323 2242 di
1345 2218 1491 2250 Bologna;
1511 2217 1671 2250 accogliere
1690 2218 1702 2231 ⁸
1716 2218 1746 2242 in
1767 2225 1815 2242 sue
1827 2219 1920 2250 gratie
1934 2217 1991 2250 ple-

1093 2259 1308 2291 “nstudinemn
1339 2260 1366 2285 le
1392 2259 1466 2285 citt&
1491 2260 1568 2284 della
1595 2260 1659 2293 lega
1683 2259 1817 2293 (Milano,
1841 2261 1991 2289 Piacenza,

1091 2301 1226 2332 Vercelli,
1246 2303 1388 2334 Bologna,
1408 2302 1529 2334 Faenu,
1550 2302 1745 2331 Alessandria,
1765 2302 1887 2334 Torino,
1908 2301 1992 2333 Lodi,

1092 2345 1239 2377 Bergamo,
1261 2346 1382 2374 Brescia,
1403 2345 1553 2374 Mantova,
1574 2344 1698 2371 Verona.
1718 2345 1842 2376 Padova‚
1857 2344 1991 2374 Vicenza‚

1092 2387 1223 2417 'ri-eviso,
1243 2387 1345 2412 Crema
1364 2396 1378 2411 e
1398 2387 1536 2419 Ferrara),
1558 2388 1633 2412 oltre
1659 2388 1680 2412 ii
1699 2388 1840 2412 marchese
1860 2387 1889 2411 di
1909 2387 1991 2411 Mon-

1094 2430 1200 2454 ferrato
1220 2438 1234 2454 e
1254 2430 1275 2454 il
1296 2432 1381 2455 conte
1400 2431 1429 2454 di
1452 2430 1617 2454 Biandrate.
1655 2429 1695 2454 La
1715 2430 1787 2461 lega.
1809 2430 1887 2454 dalla
1912 2430 1992 2462 parte

1093 2479 1151 2503 sua,
1163 2473 1233 2498 deve
1253 2480 1267 2497 a
1287 2481 1336 2497 sue
1355 2480 1434 2505 spese
1454 2473 1520 2497 dare
1540 2473 1764 2504 all’imperatore
1784 2479 1837 2503 400
1856 2472 1990 2496 cavalleri

1093 2514 1226 2548 (milites)
1245 2523 1294 2548 per
1312 2522 1350 2539 un
1371 2516 1491 2540 biennio
1511 2522 1560 2548 per
1579 2515 1607 2539 la
1627 2522 1727 2547 guerra
1748 2516 1776 2538 in
1803 2515 1990 2544 Terrasantu

1093 2565 1107 2582 e
1126 2559 1196 2583 deve
1219 2556 1319 2583 altresi
1346 2557 1507 2590 obbligarsi
1534 2558 1567 2582 ad
1594 2565 1740 2582 osservare
1766 2565 1779 2581 e
1805 2557 1839 2581 ad
1865 2558 1991 2589 eseguire

1095 2600 1346 2625 “constitutiones
1365 2608 1463 2625 omnes
1484 2608 1559 2629 vero,
1579 2601 1654 2633 leges
1674 2602 1702 2624 et
1721 2601 1828 2624 statuta
1848 2600 1882 2624 ab
1895 2599 1991 2623 Eccle-

1095 2642 1163 2668 “sia
1182 2642 1312 2668 Romana
1331 2645 1359 2667 et
1379 2642 1520 2668 Romanis
1535 2643 1757 2676 imperatoribus
1777 2644 1804 2667 et
1823 2642 1989 2675 speciali-

1095 2685 1172 2710 “ter
1192 2686 1225 2710 ab
1245 2687 1309 2718 ipso
1332 2686 1505 2718 imperatore
1531 2687 1631 2709 contra
1657 2685 1807 2714 hereticos.
1833 2685 1991 2716 receptato-

1095 2726 1108 2740 ‘¹
1121 2735 1172 2757 res,
1187 2728 1361 2756 defensores,
1375 2728 1522 2751 credentes
1535 2729 1562 2751 et
1578 2727 1704 2751 fautores
1724 2733 1819 2750 eorum
1832 2742 1916 2758 .....
1926 2734 1934 2756 ς
1954 2726 1990 2751 cs.

1093 2769 1290 2801 Rommunnc,
1309 2770 1329 2801 1,
1351 2777 1398 2794 nn.
1413 2776 1472 2801 309,
1486 2776 1539 2801 319
1553 2777 1567 2793 e
1581 2774 1644 2800 3273
1660 2776 1705 2801 pp.
1721 2775 1781 2800 219,
1802 2775 1862 2800 240,
1882 2767 1990 2800 246-48.

1182 2811 1193 2828 ¹
1212 2813 1419 2845 L’imperatore
1436 2812 1510 2836 colia
1526 2811 1632 2843 moglle
1647 2811 1692 2835 nei
1706 2811 1760 2836 die.
1779 2810 1846 2835 1226
1858 2811 1883 2836 si
1898 2818 1990 2836 mosse

1094 2855 1129 2879 dn
1148 2854 1257 2888 Foggia
1278 2862 1327 2887 per
1346 2857 1462 2879 tornare
1482 2855 1511 2878 ln
1532 2853 1643 2883 Sicilia,
1663 2854 1736 2878 dove
1756 2853 1785 2878 su
1805 2853 1835 2878 di
1856 2854 1929 2881 fatto
1944 2853 1989 2878 nel

1093 2905 1156 2929 gen.
1178 2897 1224 2922 del
1251 2904 1331 2930 1227:
1357 2898 1393 2922 cf.
1421 2896 1566 2921 Chrom'con
1592 2897 1625 2920 de
1649 2896 1727 2921 rebus
1752 2896 1861 2927 Siculis,
1881 2897 1937 2928 cit.¹
1960 2897 1989 2921 in

1093 2939 1439 2968 Humano-Batauum,
1458 2939 1479 2969 Ι,
1500 2944 1523 2969 2,
1544 2946 1571 2971 p.
1591 2937 1652 2970 831.

1182 2982 1192 2998 ⁴
1211 2983 1348 3013 ΒὸιιΜΕκ,
1369 2990 1395 3006 n.
1418 2980 1493 3013 1687,
1515 2981 1589 3007 colla
1609 2981 1675 3006 data
1696 2981 1726 3006 di
1745 2981 1855 3014 Foggia
1870 2982 1915 3007 nei
1931 2982 1990 3015 pri-

1094 3025 1134 3049 mi
1154 3025 1199 3051 del
1221 3025 1362 3050 dicembre
1383 3023 1459 3049 1226.

1907 221 1976 258 139
1994 233 2201 257 Mun.,cc.1000-1

2078 376 2099 393 c.
2114 372 2161 391 ’ὃν

2018 1317 2172 1341 Prsusiegium
2185 1319 2229 1342 pro

2045 1344 2140 1364 ecclesia
2165 1344 2228 1364 Casi-

2045 1377 2121 1391 nense.

2019 2183 2052 2209 30

2019 2398 2051 2424 35

2018 2607 2052 2632 40

2018 2820 2050 2846 45

2019 3029 2053 3056 50
