2320 3444
183 241 257 267 Mum,
273 247 293 263 e.
307 242 347 265 988

217 1552 238 1569 c.
252 1552 290 1572 117
298 1553 312 1567 v

399 363 498 396 “rios
528 363 616 396 bene
646 369 792 405 paratos.
839 361 1058 404 Sephidinus,
1092 361 1232 404 quando

399 417 559 459 “equitat
590 422 716 448 terram
750 422 784 447 et
815 415 903 447 filios
932 424 1011 446 suos
1044 414 1232 456 prephatus

397 470 539 502 “uisitat
562 468 693 501 incedit
715 468 830 501 uelato
855 468 968 509 capite
992 466 1035 499 de
1060 477 1127 498 uno
1152 477 1232 498 exa-

397 522 505 554 “mito
530 522 647 554 rubeo.
693 521 759 554 Cui
789 531 907 553 omnes
936 519 1081 552 inclinat
1111 525 1231 562 quater

397 575 468 606 “ad
491 580 616 607 terram
641 579 675 606 et
699 579 824 606 exeunt
848 573 879 606 ei
910 572 1046 606 obuiam
1078 582 1140 614 per
1172 582 1231 604 sex

397 627 579 665 “miliaria‚
602 633 637 660 et
663 626 817 659 osculato
849 626 951 669 pede,
982 636 1059 658 cum
1086 625 1159 668 ipse
1189 624 1232 657 sit

396 681 525 722 “super
548 690 687 722 equum,
710 679 835 721 recipit
858 689 918 711 eos
941 679 986 711 ad
1010 678 1165 711 osculum
1197 684 1232 710 et

396 735 410 750 ⁴⁶
423 734 467 765 ad
483 743 632 764 manum.
672 733 741 771 Qui
759 742 837 764 cum
853 742 1062 775 unoquoque
1078 737 1232 764 moratur

396 787 409 803 ‘⁴
422 796 485 828 per
509 785 658 818 triduum
681 785 785 818 semel
807 786 844 818 in
859 794 950 818 anno
967 791 1002 817 et
1017 784 1067 817 sic
1083 795 1103 816 a
1119 784 1230 827 primo

397 840 530 881 “usque
555 839 599 871 ad
622 838 802 880 septimum
826 837 913 871 filios
928 844 1138 870 memoratos
1150 837 1231 870 uisi-

395 893 482 924 “tat.
527 892 572 924 Et
604 891 749 935 quilibet
784 892 878 924 omni
911 901 1002 923 anno
1037 901 1100 933 pro
1135 897 1230 924 certo

396 944 551 978 “tributo
582 945 694 978 mictit
723 946 759 977 in
793 945 876 977 fisco
911 945 1019 987 patris
1053 953 1103 975 xx
1136 943 1231 976 milia

396 997 700 1040 “sarracen[at]os;
726 1004 762 1031 et
783 998 859 1040 si[c]
883 1009 902 1030 a
925 998 1036 1040 primo
1059 1007 1168 1039 usque
1186 997 1231 1030 ad

393 1051 407 1067 ⁴⁴
421 1051 603 1093 septimum
627 1052 688 1084 dat
702 1051 887 1094 unicuique
905 1051 1050 1084 filiorum
1064 1061 1169 1082 unum
1186 1050 1230 1082 de

396 1105 532 1136 “anulis
554 1105 634 1143 suis,
657 1105 695 1137 in
718 1115 786 1148 quo
809 1115 934 1149 ymago
961 1115 1022 1137 sua
1053 1103 1230 1146 sculpitur.

481 1159 495 1175 “
509 1156 640 1190 Uolunt
663 1158 720 1190 isti
737 1158 882 1190 libenter
896 1158 1046 1190 reddere
1060 1157 1094 1188 in
1111 1167 1231 1189 manus

392 1210 406 1226 “
421 1211 551 1243 domini
567 1221 658 1253 pape
671 1218 797 1243 terram
810 1217 975 1248 sanctam,
988 1221 1088 1254 quam
1102 1215 1232 1249 tenent,

395 1266 409 1281 ‘⁶
422 1264 468 1296 ad
491 1274 578 1306 opus
601 1264 877 1302 christianorum,
901 1270 935 1296 et
950 1270 987 1296 ut
1004 1264 1090 1296 certi
1113 1263 1181 1295 sint
1196 1268 1231 1295 et

395 1319 409 1335 ‘⁴
423 1317 536 1349 securi
559 1318 603 1350 de
627 1317 695 1350 alia
717 1324 810 1350 terra
832 1329 852 1350 a
876 1317 1005 1360 populo
1030 1316 1230 1354 christiano,

394 1371 408 1387 “
423 1371 565 1414 singulis
588 1372 687 1403 annis
709 1371 830 1404 uolunt
853 1382 928 1404 esse
951 1371 1014 1403 sub
1043 1376 1140 1403 certo
1171 1369 1232 1403 tri-

396 1425 410 1441 “
422 1423 504 1456 buto
528 1424 724 1466 patriarche
746 1425 1032 1463 Ierosolimitano‚
1049 1430 1083 1456 et
1100 1423 1233 1457 dabunt

396 1477 505 1509 “inde
529 1477 699 1511 cautelam
723 1478 882 1511 Romane
912 1477 1062 1510 ecclesie
1093 1477 1138 1511 de
1161 1487 1231 1509 non

395 1530 645 1573 “impedienda
669 1530 824 1574 'amplius
847 1537 939 1564 terra
969 1536 1098 1569 sancta,
1129 1541 1232 1574 quam

397 1584 581 1616 “dominus
602 1585 696 1616 Iesus
720 1583 878 1617 Christus
900 1584 970 1616 suis
992 1584 1103 1617 beatis
1132 1584 1232 1627 pedi-

393 1639 407 1654 *
424 1637 486 1670 bus
512 1637 711 1671 ambulauit.

483 1690 692 1724 “predictus
714 1702 798 1724 uero
830 1691 1042 1734 Sephidinus
1069 1692 1112 1724 de
1136 1701 1232 1723 more

392 1745 406 1760 ‘⁴
422 1745 706 1787 predecessorum
729 1755 867 1778 suorum
892 1745 1021 1777 faciem
1044 1755 1139 1777 suam
1163 1755 1232 1778 non

395 1797 576 1831 “ostendit
613 1797 771 1830 omnibus
805 1798 869 1831 nisi
909 1798 1029 1832 decies
1062 1798 1098 1830 in
1131 1809 1233 1839 anno,

392 1852 562 1894 “quando
593 1852 754 1884 nunctios
775 1852 900 1894 recipit
933 1852 1148 1890 Pisanorum,
1178 1852 1233 1884 Ia-

396 1907 410 1922 “
423 1905 612 1944 nuensium,
628 1905 812 1944 Uenetum,
830 1906 1020 1944 ciuitatum,
1037 1915 1157 1949 regum
1175 1906 1232 1938 uel

395 1957 619 2000 “principum
661 1958 938 1998 christianorum,
982 1959 1173 1992 astantibus
1212 1968 1232 1991 c

394 2013 408 2028 ‘⁴
422 2012 570 2044 armatis.
606 2011 721 2044 Primo
745 2011 801 2045 die
818 2012 940 2054 recipit
956 2013 1051 2054 ipsos
1067 2012 1104 2044 in
1121 2012 1233 2055 prima

396 2066 409 2082 ‘⁴
423 2065 495 2097 sala
516 2065 560 2098 de
584 2064 699 2109 Cayro
722 2064 782 2098 ubi
805 2076 942 2108 semper
963 2072 1015 2098 est
1030 2071 1136 2099 status
1150 2065 1232 2098 eius.

395 2117 525 2150 “Tunc
549 2118 673 2161 recipit
696 2118 835 2151 lieteras
862 2130 881 2150 a
912 2119 1051 2159 nuntiis,
1080 2125 1132 2152 set
1162 2129 1231 2152 non

396 2172 410 2188 “
423 2171 534 2204 audiit
556 2182 626 2204 eos.

481 2225 494 2239 ‘⁶
510 2225 547 2256 In
571 2226 723 2257 secunda
747 2226 803 2258 die
826 2226 921 2259 audit
945 2236 1005 2258 eos
1020 2227 1054 2258 in
1078 2226 1234 2259 secunda

396 2277 505 2315 “sala‚
530 2278 717 2310 astantibus
740 2278 803 2311 ccis
834 2279 963 2311 Turkis
987 2280 1058 2311 suis
1073 2280 1161 2312 bene
1178 2289 1233 2311 ar-

396 2330 533 2363 “matis
580 2331 619 2362 In
643 2331 744 2364 tertio
775 2332 917 2374 quidem
947 2332 1004 2364 die
1035 2343 1098 2375 per
1128 2333 1231 2366 turci-

396 2384 410 2400 “
424 2394 584 2415 mannum
607 2394 714 2424 suum,
737 2385 903 2418 uidelicet
919 2397 982 2428 per
999 2386 1233 2428 interpretem,

395 2438 410 2453 ⁴⁴
424 2436 483 2468 dat
505 2437 636 2468 eisdem
659 2438 788 2470 nuntiis
810 2448 1024 2480 responsum,
1041 2439 1232 2471 secundum

396 2490 515 2532 “quod
538 2495 590 2522 est
613 2491 735 2522 modus
756 2491 792 2522 in
817 2501 929 2523 causa.
978 2490 1048 2529 Qui
1072 2498 1150 2534 post
1165 2498 1233 2524 ter-

395 2542 506 2574 “tium
531 2542 622 2574 diem
646 2554 714 2576 non
739 2543 867 2577 habent
891 2544 935 2577 ad
958 2545 1054 2577 illum
1085 2545 1233 2587 amplius

396 2597 611 2628 “accessum
673 2596 789 2629 Habet
830 2597 1052 2639 Sephedinus
1088 2608 1231 2631 uxorem

395 2650 409 2665 ³
423 2647 516 2680 xvcim
537 2649 572 2680 in
597 2649 672 2693 lege
688 2660 760 2689 sua,
777 2660 844 2692 que
860 2657 939 2683 sunt
955 2651 990 2682 in
1007 2661 1075 2683 uno
1091 2651 1232 2693 palatio,

393 2701 557 2734 “insimul
591 2702 777 2741 dormiunt,
813 2704 1000 2736 comedunt
1031 2710 1064 2736 et
1098 2704 1231 2738 bibunt.

394 2754 408 2769 ⁴⁴
425 2754 460 2786 Si
484 2754 599 2797 aliqua
622 2766 738 2787 earum
763 2756 866 2789 habet
889 2767 932 2788 ex
956 2767 997 2789 eo
1022 2757 1139 2795 filium,
1171 2758 1231 2791 Se-

397 2807 596 2848 “phedinus
619 2809 714 2840 uadit
737 2809 783 2841 ad
807 2819 883 2841 eam
914 2811 1054 2852 quando
1085 2811 1168 2848 uult,
1198 2817 1233 2843 et

394 2858 550 2892 “dormit
580 2871 658 2892 cum
690 2873 730 2893 ea
764 2862 967 2895 uidentibus
1003 2863 1087 2895 aliis.
1135 2864 1233 2896 Illam

479 2990 568 3022 38-39.
587 2991 797 3016 torcimannum
818 2993 883 3018 Cod.

1298 841 1336 873 10

1299 1108 1335 1139 15

1296 1377 1337 1408 20

1297 1643 1336 1676 25

1295 1914 1338 1945 30

1295 2179 1336 2212 35

1296 2449 1338 2480 40

1297 2715 1337 2747 45

1394 360 1408 376 “
1424 370 1516 392 mum
1539 359 1628 392 filios
1650 358 1766 392 uisitat
1788 363 2005 400 memoratos,
2030 363 2064 391 et
2086 354 2232 401 'quilibet
2286 387 2287 391 ,

1396 415 1410 431 “
1425 412 1517 445 omni
1533 422 1624 444 anno
1640 421 1704 454 pro
1720 417 1816 444 certo
1833 410 1964 444 tributo
1978 411 2084 444 mittit
2099 411 2134 444 in
2148 412 2231 444 fisco

1397 467 1411 484 ⁴⁴
1423 466 1530 508 patris
1553 475 1603 498 xx
1618 465 1726 497 millia
1741 470 1999 503 sarracenatos3
2013 470 2049 498 et
2063 465 2114 497 sic
2124 475 2146 497 a
2161 464 2232 507 pri-

1397 521 1478 552 “mo
1501 529 1610 562 usque
1628 518 1672 551 ad
1696 519 1877 561 septimum
1901 518 1961 551 dat
1983 517 2168 562 unicuique
2193 517 2232 550 fi-
2286 530 2288 534 ’

1397 575 1411 590 ⁴⁶
1424 572 1547 605 liorum
1570 583 1676 604 unum
1699 572 1743 605 de
1760 571 1872 604 anulis
1887 571 1966 610 suis,
1982 570 2020 603 in
2035 581 2103 614 quo
2119 570 2232 615 imago
2282 611 2284 615 ‚

1397 628 1411 644 ‘⁴
1423 637 1484 658 sua
1506 626 1684 669 sculpitur.

1483 681 1497 697 ‘⁶
1512 680 1641 713 Uolunt
1663 680 1721 713 isti
1735 679 1884 712 libenter
1899 679 2049 712 reddere
2064 678 2100 711 in
2113 686 2235 711 munus

1395 733 1555 766 “domini
1577 743 1668 776 pape
1691 739 1821 766 terram
1851 738 2019 772 sanctam,
2049 742 2152 775 quam
2182 737 2235 764 te·
2286 759 2287 762 ,

1396 789 1411 805 “
1423 792 1507 819 nent
1518 787 1564 820 ad
1577 797 1663 830 opus
1679 786 1954 828 christianorum,
1965 791 2000 818 et
2010 791 2048 818 ut
2065 784 2152 818 certi
2166 785 2236 818 sint

1393 842 1407 858 ‘⁶
1425 846 1458 873 et
1473 841 1587 874 securi
1603 840 1647 873 de
1664 840 1732 873 alia
1746 845 1840 873 terra
1855 850 1876 872 a
1891 839 2020 882 populo
2035 838 2235 878 christiano,
2288 860 2290 862 -

1394 894 1408 910 ‘⁴
1422 893 1566 938 singulis
1589 894 1688 926 annis
1704 894 1826 926 uolunt
1843 903 1918 925 esse
1934 892 1998 925 sub
2014 897 2111 926 certo
2125 891 2236 926 tribu-

1397 949 1411 964 ¹⁴
1425 953 1459 979 to
1483 947 1683 990 patriarche
1707 946 2021 988 Iherosolimitano,
2043 950 2081 978 et
2103 944 2237 979 dabunt

1397 1001 1507 1034 “inde
1531 1001 1702 1033 cautelam
1725 1001 1884 1034 Romane
1909 999 2057 1032 ecclesie
2088 999 2133 1032 de
2164 1009 2235 1036 nou
2287 989 2292 1023 f

1396 1054 1646 1097 “impedienda
1670 1053 1817 1096 amplius
1831 1059 1925 1087 terra
1941 1059 2074 1094 sancta,
2090 1064 2160 1098 qua
2174 1053 2237 1087 do·
2289 1049 2290 1052 ¹

1396 1109 1411 1126 ‘⁶
1424 1108 1535 1140 minus
1559 1113 1678 1140 noster
1701 1108 1796 1140 Iesus
1819 1107 1975 1140 Christus
1997 1108 2068 1140 suis
2089 1106 2238 1151 pedibus
2287 1155 2291 1159 ᾗ

1397 1163 1412 1179 “
1424 1161 1624 1194 ambulauit.

1484 1215 1499 1232 “
1512 1214 1695 1247 Predictus
1716 1225 1801 1247 uero
1833 1214 2054 1257 Sephediuus
2077 1214 2122 1248 de
2143 1224 2238 1248 more

1395 1269 1408 1284 “
1423 1269 1712 1311 precedessorum
1735 1278 1874 1300 suorum
1897 1268 2026 1300 faciem
2049 1277 2145 1300 suam
2168 1277 2239 1302 non
2290 1304 2292 1306 ,

1397 1323 1411 1339 “
1425 1319 1576 1354 ostendit
1589 1321 1747 1354 omnibus
1759 1321 1824 1353 nisi
1836 1320 1955 1354 decies
1965 1321 2002 1354 in
2013 1331 2115 1360 anno,
2129 1332 2239 1365 quun-

1394 1373 1410 1391 “
1425 1375 1471 1408 do
1485 1374 1631 1407 nuncios
1642 1374 1770 1417 recipit
1779 1374 1997 1413 Pisanorum,
2009 1374 2240 1416 lamensium,

1395 1429 1409 1445 ‘⁴
1425 1428 1610 1466 Uenetum,
1627 1428 1816 1466 ciuitatum.
1832 1438 1954 1472 regum
1969 1427 2028 1461 uel
2042 1427 2239 1472 principum

1396 1483 1410 1499 ‘⁴
1424 1479 1703 1520 christianorum,
1726 1481 1918 1515 astantibus
1934 1486 2072 1515 centum
2089 1481 2240 1515 umetis.
2290 1506 2294 1508 -

1398 1535 1542 1568 “Primo
1566 1535 1625 1568 die
1648 1535 1773 1578 recipit
1796 1535 1890 1578 ipsos
1913 1535 1948 1567 in
1970 1535 2084 1578 prima
2105 1534 2179 1568 sala
2194 1535 2239 1568 de

1396 1590 1411 1606 ‘⁴
1424 1588 1552 1632 Cayro,
1575 1588 1635 1621 ubi
1658 1599 1796 1631 semper
1812 1594 1865 1621 est
1879 1594 1989 1622 status
2009 1588 2093 1622 eius.
2136 1588 2239 1622 Tunc

1397 1641 1551 1684 “recipit
1574 1642 1713 1675 lieteras
1737 1653 1757 1675 a
1788 1642 1940 1682 nunciis,
1960 1648 2015 1675 set
2045 1652 2114 1675 non
2144 1641 2241 1676 audit

1395 1696 1409 1712 ⁸
1426 1705 1501 1732 eos:
1526 1695 1561 1727 in
1584 1695 1737 1728 secunda
1759 1696 1816 1728 die
1840 1695 1936 1728 audit
1958 1706 2019 1729 eos
2032 1695 2070 1728 in
2084 1695 2240 1729 secunda

1397 1750 1412 1767 ‘⁴
1425 1749 1508 1789 sala,
1532 1749 1721 1782 astantibus
1744 1749 1905 1782 ducentis
1919 1748 2050 1782 Turkis
2065 1748 2135 1782 suis
2148 1741 2240 1782 bene

1398 1803 1575 1836 “ar-matis-
1621 1803 1661 1835 In
1680 1803 1783 1836 tertio
1808 1802 1948 1846 quidem
1972 1801 2029 1836 die
2053 1813 2117 1845 per
2131 1802 2240 1835 turci-
2292 1839 2294 1843 ¹

1398 1858 1413 1873 “
1429 1867 1590 1888 mannum
1614 1866 1723 1895 suum,
1745 1855 1914 1888 uidelicet
1926 1856 2165 1899 interpretem,
2181 1854 2241 1888 dat
2294 1882 2296 1887 .

1395 1909 1559 1942 “eisdem
1596 1919 1798 1952 responsum
1833 1909 2025 1942 secundum
2059 1908 2153 1952 quod
2187 1914 2240 1942 est

1399 1962 1550 1995 “modus
1572 1962 1608 1995 in
1626 1974 1740 1996 causa.
1787 1962 1858 2001 Qui
1880 1968 1959 2006 post
1981 1963 2122 2001 tertium
2145 1961 2238 1994 diem
2291 1963 2294 1970 ²

1396 2017 1496 2050 “non
1527 2015 1657 2048 habent
1688 2016 1835 2058 amplius
1859 2017 1905 2049 ad
1928 2017 2024 2049 illum
2049 2025 2239 2051 accessum.

1486 2072 1501 2088 ‘⁴
1514 2070 1631 2102 Habet
1655 2070 1876 2112 Sephedinus
1891 2080 2018 2103 uxores
2034 2078 2084 2103 xv
2110 2069 2147 2103 in
2163 2068 2240 2113 lege
2294 2082 2298 2099 τ

1397 2126 1411 2142 “
1424 2134 1495 2162 sua,
1519 2133 1587 2166 que
1611 2129 1689 2156 sunt
1704 2124 1740 2155 in
1755 2133 1826 2156 uno
1843 2123 1986 2166 palatio,
2003 2122 2140 2155 insimul
2163 2122 2241 2155 dor·
2292 2115 2295 2119 ⁸

1398 2179 1411 2195 ‘⁴
1425 2177 1534 2209 miunt
1555 2177 1743 2210 comedunt
1766 2183 1801 2209 et
1824 2176 1956 2210 bibunt.
2001 2174 2040 2208 Si
2055 2175 2171 2219 aliqua
2185 2185 2242 2208 ea·
2294 2174 2296 2179 '

1398 2233 1411 2248 ‘⁴
1425 2242 1499 2263 rum
1523 2231 1627 2263 habet
1650 2241 1694 2263 ex
1719 2241 1760 2263 eo
1777 2231 1894 2270 filium,
1910 2228 2131 2272 Sephedinus
2144 2229 2242 2262 uadit

1398 2285 1472 2317 “ad
1495 2295 1570 2317 earn
1596 2284 1736 2327 quando
1759 2285 1843 2326 uult,
1867 2289 1902 2316 et
1932 2283 2062 2317 dormit
2091 2292 2170 2316 cum
2200 2292 2242 2316 ea

1396 2338 1411 2354 “
1426 2337 1626 2370 uidentibus
1641 2338 1726 2369 aliis.
1773 2337 1872 2370 Illam
1896 2346 1979 2370 vero
2001 2346 2069 2380 que
2092 2346 2162 2369 non
2179 2335 2241 2368 ha-

1398 2392 1485 2425 “bet
1508 2402 1551 2423 ex
1574 2402 1616 2424 eo
1640 2391 1759 2429 filium,
1782 2391 1829 2423 ad
1851 2400 1888 2423 se
1912 2390 2052 2433 quando
2075 2389 2149 2424 uult
2177 2399 2242 2432 per
2288 2421 2290 2424 ,

1397 2445 1411 2461 ‘⁴
1427 2445 1607 2478 eunuchos
1629 2455 1709 2477 suos
1730 2444 1850 2477 uocari
1867 2444 1955 2477 facit
1969 2443 2005 2476 in
2021 2443 2190 2486 uesper-is,
2206 2448 2242 2476 et
2290 2442 2291 2447 ’

1399 2501 1412 2516 ‘⁶
1427 2498 1562 2531 detinet
1585 2508 1661 2530 eam
1685 2509 1750 2541 per
1772 2503 1911 2531 noctem
1934 2503 1970 2529 et
1993 2497 2095 2535 diem,
2126 2502 2161 2530 et
2190 2496 2240 2530 sic

1398 2554 1413 2570 ⁴⁶
1427 2552 1515 2584 facit
1538 2552 1581 2584 de
1599 2551 1754 2595 singulis.

1399 2605 1581 2644 “moritur,
1603 2605 1742 2638 inducit
1763 2604 1867 2637 aliam
1890 2605 1982 2637 inter
2004 2603 2099 2636 alias.

1488 2660 1502 2676 “
1514 2659 1555 2691 In
1570 2658 1750 2692 secretiori
1767 2667 1915 2698 camera,
1931 2656 1989 2689 ubi
2007 2657 2095 2689 ludit
2110 2662 2146 2689 et
2160 2657 2241 2690 dor-

1398 2713 1412 2729 “
1427 2712 1498 2750 mit,
1523 2711 1637 2744 nullus
1660 2711 1764 2744 habet
1779 2720 1969 2748 accessum,
1986 2710 2049 2742 nisi
2064 2719 2152 2742 unus
2166 2714 2243 2742 tan·
2291 2735 2293 2737 ,

1397 2765 1495 2797 “tum
1518 2775 1635 2798 senex.
1682 2765 1722 2797 Iu
1746 2764 1844 2796 cuius
1869 2773 2007 2796 camere
2031 2763 2134 2806 ostio⁴
2149 2772 2241 2796 sem·
2292 2771 2294 2775 ·

1399 2821 1413 2836 “
1428 2829 1491 2860 per
1514 2819 1664 2851 existunt
1687 2817 1809 2850 armati
1834 2816 2094 2860 quinquaginta.

1485 2871 1500 2887 ²
1517 2870 1847 2914 Quinquagenarius
1863 2877 1914 2902 est
1929 2868 2161 2912 Sephedinus‚
2176 2879 2238 2912 po·
2291 2843 2297 2902 Δ,

1801 2550 1953 2589 Quando
1970 2550 2086 2594 aliqua
2101 2549 2242 2583 istarum
2289 2549 2295 2582 ’ἶ
