2320 3444
78 235 82 250 ³
97 229 182 265 [ΔΑ.
202 229 396 264 1214-12151

875 221 1153 258 CHRONICA

46 350 217 402 ¹{1¹⁸ue1‘o‚
239 366 307 399 que
330 366 400 389 non
422 355 528 389 habet
551 367 594 388 ex
618 365 660 388 eo
683 355 802 394 filium,
826 354 870 388 ad
892 366 929 388 se

48 408 71 434 ³³
93 408 259 454 “quando
280 410 354 442 uult
377 420 440 452 per
462 409 637 442 eunuchos
651 409 773 442 uocari
793 409 878 441 facit
893 409 930 440 in

65 480 69 485 ‚
92 462 285 505 “uesperis,
310 468 345 495 et
367 463 502 496 detinet
526 473 602 495 eam
632 472 697 504 per
726 468 865 495 noctem
895 467 930 494 et

54 534 74 560 s’:
91 515 210 548 “diem
245 521 280 548 et
314 516 366 548 sic
404 517 490 548 facit
523 516 568 548 de
606 515 759 559 singulis.
806 514 929 547 Statim

62 579 63 582 ¹
90 570 225 612 “quum
248 569 366 611 aliqua
388 569 532 602 istarum
555 568 710 606 moritur,
736 567 929 600 introducit

61 621 220 666 „fatiam
250 622 343 655 inter
373 622 467 654 alias.
513 622 553 654 In
582 621 763 654 secretiori
792 631 929 653 camera

64 675 106 728 ξ’
119 684 190 715 sua,
212 674 272 707 ubi
294 675 384 708 ludit
406 680 442 708 et
464 675 604 713 dormit,
619 674 733 706 nullus
749 673 855 706 habet
870 683 927 705 ac-

55 729 264 774 {⁸0essum‚
289 729 355 762 nisi
377 733 508 761 tantum
523 739 611 760 unus
626 738 742 760 senex.
775 727 814 759 In
832 727 929 760 euius

64 782 108 802 ⁸
118 791 255 815 camere
286 781 373 814 ostio
402 792 539 824 semper
565 781 713 813 existunt
743 780 864 813 armati
894 790 927 813 L.

58 827 106 881 5⁸
119 833 451 878 Quinquagenarius
473 840 524 867 est
547 834 778 876 Sephedinus,
804 839 929 875 potens

89 889 106 907 ⁶
116 887 262 921 multum
284 888 322 920 in
344 887 448 920 armis
462 893 496 920 et
511 893 626 930 gente,
643 887 809 929 eloquens
823 887 928 919 ualde

65 941 155 975 {⁸511
178 940 296 986 lingua
318 951 379 973 sua
402 941 461 984 qui
485 940 645 983 precellit
667 941 774 973 hodie
806 945 928 973 cuntos

88 995 105 1013 ⁴‘
117 993 176 1037 qui
197 993 322 1027 uiuunt
336 1004 503 1037 paganos,
520 999 667 1036 excepto
683 993 875 1026 Maximuto
891 993 927 1026 in

55 1038 107 1085 “5³1⁵
118 1057 212 1080 auro.
257 1047 330 1080 Iam
359 1047 449 1080 enim
485 1046 630 1079 muniuit
663 1052 767 1079 totam
800 1052 927 1079 terram

55 1101 212 1141 ’γεωαω
236 1106 271 1132 et
292 1100 450 1140 filiorum,
474 1106 509 1132 et
532 1100 707 1132 exercitus
738 1106 928 1143 congregat

51 1147 282 1194 '‘“infinitom
306 1159 358 1186 set
379 1153 416 1186 in
446 1153 604 1186 omnibus
634 1153 708 1196 ipse
739 1163 818 1185 cum
849 1153 928 1186 filiis

56 1206 155 1240 *in
176 1206 373 1249 predictum
396 1207 536 1239 modum
567 1217 647 1239 cum
678 1206 840 1240 Romana
870 1216 927 1238 ec-

61 1258 219 1294 „·“clesia
231 1261 305 1292 uult
321 1270 530 1302 componere
545 1270 679 1302 pacem.
708 1260 801 1293 Octo
813 1265 927 1292 autem

54 1307 75 1348 {s-
86 1296 176 1346 ‘filii
200 1312 392 1356 Sephedini
417 1313 461 1345 de
484 1313 594 1356 patris
617 1313 863 1346 constitutione
878 1313 928 1345 sic

56 1366 102 1401 ξ’
116 1365 247 1400 uiuunt.
293 1366 371 1399 Duo
394 1377 438 1399 ex
468 1366 552 1409 ipsis
582 1366 784 1399 custodiunt
813 1367 927 1409 sepul-

58 1417 106 1458 {2:¹¹
117 1419 239 1453 chrum
263 1419 406 1459 domini,
436 1420 482 1453 ad
511 1430 599 1462 quos
628 1419 798 1463 quicquid
828 1420 930 1452 datur

56 1465 104 1518 ᾆξ’
115 1472 279 1517 peruenit
302 1479 338 1506 et
367 1471 529 1505 diuidunt
559 1473 650 1506 inter
672 1483 720 1505 se.
768 1471 930 1510 Quatuor

53 1526 106 1574 ΓΞ
115 1525 175 1559 alii
196 1525 330 1559 habent
351 1526 509 1559 redditus
533 1527 576 1559 de
600 1526 721 1559 Calice
737 1526 854 1565 fluuio,
869 1526 929 1569 qui

59 1575 105 1627 232²,
110 1578 235 1626 irrigat
256 1585 365 1612 totam
385 1585 514 1612 terram
537 1579 674 1623 Egipti;
699 1585 733 1612 et
755 1579 829 1612 istis
845 1589 927 1622 qua-

57 1632 192 1669 ἔμ’ῐιιοι·
214 1633 339 1666 melius
361 1632 480 1665 ualent
503 1633 548 1666 de
572 1642 623 1665 xx
653 1633 791 1666 milibus
816 1643 928 1665 sarra-

62 1683 101 1707 *
106 1685 257 1719 cenatis.
302 1686 381 1718 Duo
403 1686 463 1718 alii
485 1687 519 1718 fi
520 1692 612 1719 atres
634 1696 772 1729 semper
793 1691 872 1718 sunt
893 1686 929 1718 in

63 1732 104 1776 3!
92 1745 306 1782 conspectu
328 1739 387 1772 dei
403 1740 456 1772 sui
470 1739 672 1784 Magometh
688 1750 753 1782 pro
770 1739 929 1772 castitate

81 1789 219 1836 *quam
249 1792 391 1831 habent,
421 1799 455 1826 et
485 1798 595 1827 totum
627 1793 722 1837 quod
752 1793 853 1826 datur
883 1793 928 1826 ad

59 1844 108 1889 ζἐξ
114 1845 224 1890 pedes
238 1845 311 1879 eius
326 1852 379 1879 est
393 1845 438 1879 de
451 1846 537 1890 ipsis
551 1846 739 1879 minoribus
751 1845 928 1879 fratribus.

65 1898 105 1941 51⁸
114 1898 191 1932 Hec
227 1909 320 1942 papa
357 1899 562 1939 beatissime,
601 1900 690 1933 sicut
722 1911 805 1933 uera
839 1906 927 1938 sunt,

18 1996 21 1998 v
61 1954 96 2009 ‘'i''
113 1958 229 1987 uestre
252 1953 427 1986 sanctitati
448 1953 607 1986 ducimus
629 1953 823 1986 intimanda
836 1977 866 1994 „.

170 2058 424 2103 [M⁰CC⁰XV⁰].
447 2060 672 2094 Innocentius
688 2071 779 2103 papa
794 2060 926 2094 Urbem

119 2123 202 2146 ens
214 2113 313 2146 uenit
327 2113 579 2146 Ferentinum·
570 2123 606 2146 m
630 2113 867 2156 Campaniam,
885 2115 928 2147 ad

16 2209 18 2211 Ι
115 2176 183 2199 em
204 2166 380 2210 Rogerius
395 2168 439 2199 de
455 2166 585 2210 Aquila
609 2167 797 2200 Fundanus
812 2178 927 2201 comes

98 2220 265 2262 cedens,
277 2220 353 2264 regi
365 2220 580 2263 F[reder1co]
593 2221 770 2254 fidelitatis
782 2222 929 2264 prestitit

16 2297 26 2318 -ῃ
74 2267 81 2274 ἔ
106 2279 312 2307 ·amentum
327 2284 446 2306 mense
459 2273 618 2317 Augusti.
642 2274 739 2306 Idem
757 2285 847 2317 papa
859 2275 926 2308 Ca-

16 2321 19 2331 *
75 2328 86 2343 “’
145 2341 150 2353 ν
167 2343 184 2355 «ι
207 2327 312 2360 mittit
327 2337 392 2370 pro
407 2327 629 2371 inquisitione
642 2328 806 2360 facienda
819 2329 926 2362 domi-

186 2379 373 2414 Nicolaum
396 2380 641 2424 cappellanum
673 2392 769 2414 suum
802 2382 860 2425 qui
890 2383 926 2414 in

127 2434 316 2467 culanum
347 2434 548 2478 episcopum
580 2441 632 2467 est
659 2441 862 2478 assumptus,
894 2442 927 2468 et

127 2501 156 2527 ·l
176 2492 281 2520 strum
305 2487 521 2531 Raynerium
551 2493 633 2520 tunc
660 2489 845 2527 notarium,
869 2489 928 2532 qui

121 2539 355 2574 'cardinalem
382 2547 503 2574 sancte
526 2540 641 2573 Marie
671 2541 708 2573 in
735 2541 926 2587 Cosmidyn

72 2608 123 2620 w·
148 2594 302 2627 tmodum
325 2599 379 2626 est
401 2599 577 2637 promotus
592 2593 614 2626 ¹.
660 2594 721 2627 Hii
748 2595 927 2628 uenientes

172 2696 199 2723 9.
215 2689 315 2716 hostio
336 2689 399 2715 Coti.

75 3038 98 3071 τε

176 2880 186 2898 ¹
203 2881 307 2907 Ntcola
330 2880 370 2916 [dl
397 2881 622 2914 ChtaramonteL
647 2882 817 2914 cappellano
842 2883 872 2908 dl
896 2883 983 2908 Inno-

89 2929 176 2956 §euzo
194 2923 244 2955 111,
263 2923 294 2949 su
312 2924 363 2957 pol
382 2923 520 2950 cardinal
548 2931 669 2949 vescovo
689 2924 720 2948 di
744 2924 880 2950 Tuscolo.
916 2925 984 2950 Ral-

115 2982 118 2985 -
139 2965 170 2991 io
186 2968 290 2991 notaro
303 2966 334 2991 dl
352 2965 378 2991 S.
394 2965 428 2992 R.
442 2966 504 2996 Ch.,
523 2973 603 2991 come
622 2965 777 2991 Cardinale
803 2967 831 2991 di
851 2967 879 2992 S.
892 2967 984 2993 Maria

75 3012 110 3031 Μ·
139 3007 293 3035 cosmedin
322 3009 482 3035 succedette
500 3017 517 3034 a
546 3008 696 3034 Glovanni
724 3009 880 3035 Cardinale
904 3011 984 3035 dello
1039 3011 1211 3043 Palogiano.

995 834 1033 866 10

994 1100 1031 1132 15

991 1371 1033 1401 20

991 1637 1032 1669 25

990 1906 1033 1938 30

991 2226 1030 2259 35

991 2495 1032 2526 40

1095 355 1198 387 “tens
1219 354 1362 387 multum
1386 354 1421 386 in
1445 353 1549 386 armis
1571 359 1605 386 et
1628 358 1744 396 gente,
1768 351 1934 394 eloquens

1094 409 1108 425 ‘⁴
1122 407 1224 440 ualde
1246 407 1283 439 in
1305 407 1425 451 lingua
1447 417 1520 446 sua,
1551 406 1609 449 qui
1641 405 1800 448 precellit
1827 404 1932 437 hodie

1095 462 1109 478 “
1122 470 1241 493 omnes
1264 460 1322 503 qui
1346 460 1467 492 uivunt
1481 469 1637 502 paganos
1655 464 1801 501 excepto
1816 457 1932 490 Maxi-

1094 515 1215 546 “muto
1238 513 1275 545 in
1299 523 1395 546 auro.
1440 513 1511 545 Iam
1536 512 1628 545 enim
1651 511 1797 544 muniuit
1826 517 1932 544 totam

1093 568 1108 584 “
1121 572 1247 598 terram
1271 577 1367 599 suam
1384 571 1418 598 et
1434 566 1591 607 filiorum,
1609 570 1644 598 et
1659 564 1834 597 exercitus
1850 574 1934 597 con-

1093 621 1108 637 “
1120 625 1244 662 gregat
1264 620 1438 656 infinitos3
1460 624 1512 651 set
1536 619 1570 650 in
1588 617 1747 651 omnibus
1762 617 1838 659 ipse
1854 627 1933 649 cum

1093 671 1198 704 “filiis
1220 672 1254 703 in
1277 671 1472 715 predictum
1503 671 1642 704 modum
1665 682 1743 703 cum
1773 670 1934 704 Romana

1093 725 1269 757 “ecclesia
1291 725 1366 757 uult
1388 735 1601 767 componere
1624 733 1757 767 pacem.

1182 780 1196 796 ¹⁴
1210 779 1302 811 Octo
1335 778 1392 811 alii
1430 778 1493 810 filii
1525 777 1720 820 Sephedini
1752 778 1796 810 de
1826 776 1935 819 patris

1091 832 1106 848 “
1121 832 1366 864 constitutione
1383 831 1432 864 sic
1449 831 1580 864 uiuunt.
1626 831 1704 863 Duo
1720 841 1762 862 ex
1777 830 1860 872 ipsis
1875 839 1935 862 cu-

1092 886 1108 902 ’
1120 884 1274 917 stodiunt
1286 885 1483 927 sepulcrum
1495 883 1635 916 Domini
1648 896 1656 921 ;
1674 884 1719 916 ad
1735 893 1821 926 quos
1837 884 1934 926 quic-

1092 940 1107 956 ‘⁴
1121 938 1204 981 quid
1227 938 1326 970 datur
1348 937 1517 979 peruenit,
1540 942 1575 968 et
1598 936 1759 969 diuidunt
1781 936 1871 968 inter
1886 947 1934 968 se.

1091 991 1106 1008 ‘⁴
1123 990 1283 1029 Quatuor
1306 990 1364 1023 alii
1388 990 1517 1022 habent
1539 990 1697 1022 redditus
1727 989 1771 1020 de
1802 989 1934 1032 Calyce

1094 1046 1107 1062 ⁴⁴
1120 1044 1236 1082 fluuio,
1253 1044 1312 1086 qui
1328 1043 1450 1086 irrigat
1465 1048 1573 1075 totam
1591 1048 1718 1075 terram
1736 1042 1882 1085 Egypti:
1900 1047 1934 1074 et

1093 1100 1107 1115 “
1120 1097 1195 1130 istis
1207 1103 1354 1140 quatuor
1370 1096 1492 1128 melius
1508 1096 1628 1128 ualent
1642 1095 1700 1127 isti
1716 1095 1874 1127 redditus
1889 1094 1934 1127 de

1093 1152 1107 1168 “
1119 1150 1246 1193 uiginti
1258 1149 1409 1182 millibus
1424 1149 1648 1181 saracenatis.
1694 1148 1771 1180 Duo
1787 1147 1846 1180 alii
1864 1149 1935 1180 fra-

1091 1203 1106 1220 “
1120 1210 1190 1236 tres
1205 1203 1358 1236 minores
1373 1208 1452 1234 sunt
1467 1202 1596 1234 cotidie
1612 1202 1648 1233 in
1666 1206 1855 1243 conspectu
1870 1200 1936 1232 Dei

1093 1258 1170 1289 “sui
1193 1257 1373 1300 Magomet
1394 1266 1459 1298 pro
1481 1255 1640 1287 castitate
1672 1265 1771 1297 quam
1796 1254 1934 1295 habent,

1094 1312 1157 1343 “et
1179 1315 1298 1349 totum,
1322 1310 1416 1352 quod
1442 1309 1547 1341 datur
1569 1308 1614 1340 ad
1645 1308 1754 1350 pedes
1778 1307 1861 1344 eius,
1884 1313 1935 1340 est

1092 1363 1106 1380 “
1121 1364 1165 1396 de
1188 1363 1272 1405 ipsis
1293 1362 1485 1395 minoribus
1515 1361 1694 1394 fratribus.
1739 1360 1827 1399 Hec,
1858 1370 1935 1392 san-

1095 1418 1109 1434 “
1122 1417 1272 1450 ctissime
1288 1421 1400 1459 pater,
1415 1415 1462 1448 ita
1477 1425 1552 1447 esse
1569 1415 1603 1446 in
1619 1414 1766 1446 ueritate
1783 1413 1935 1452 sciatis„.

1174 2065 1400 2099 M⁰CC⁰XV⁰.
1445 2065 1524 2098 Hoc
1556 2075 1648 2098 anno
1679 2064 1854 2107 Rogerius
1891 2065 1935 2096 de

1086 2120 1215 2164 Aquila
1238 2119 1426 2153 Fundanus
1449 2128 1568 2151 comes
1583 2118 1677 2160 cepit
1693 2123 1842 2150 castrum
1858 2117 1936 2150 Mo-

1087 2174 1155 2206 tule
1168 2173 1191 2212 ²,
1215 2179 1250 2206 et
1273 2172 1361 2205 illud
1379 2172 1484 2206 bonis
1507 2171 1667 2204 omnibus
1691 2170 1874 2213 spoliauit'.

1174 2225 1399 2259 Innocentius
1422 2235 1515 2268 papa
1538 2224 1667 2257 Urbem
1697 2224 1817 2256 exiens
1840 2224 1936 2256 uenit

1087 2280 1313 2314 Ferentinum
1327 2280 1364 2311 in
1380 2278 1618 2320 Campaniam,
1637 2278 1680 2309 ad
1697 2288 1799 2320 quem
1816 2278 1936 2321 Roge-

1085 2335 1156 2367 rius
1179 2334 1223 2366 de
1247 2332 1375 2375 Aquila
1399 2331 1589 2364 Fundanus
1606 2341 1722 2363 comes
1752 2331 1935 2369 accedens»,

1085 2387 1160 2430 regi
1184 2387 1211 2419 F
1213 2385 1374 2418 rederico
1398 2384 1574 2418 fideiitatis
1590 2383 1738 2427 prestitit
1760 2383 1934 2415 iuramen-

1086 2446 1170 2473 tum.

1174 2492 1271 2525 Idem
1305 2502 1399 2534 papa
1422 2501 1541 2523 mense
1566 2489 1714 2533 Augusti
1739 2489 1934 2531 inquisitio-

1086 2557 1164 2579 nem
1178 2546 1222 2579 de
1238 2554 1388 2587 persona
1404 2543 1541 2577 abbatis
1557 2542 1755 2576 Casinensis
1770 2541 1933 2574 Adenulfi

1086 2599 1217 2642 prefati
1240 2598 1312 2630 fieri
1335 2597 1478 2630 mandat
1509 2607 1571 2639 per
1602 2595 1784 2628 Nicolaum
1817 2595 1934 2637 capel-

1174 2699 1217 2724 3²·
1237 2692 1313 2717 Uen.
1332 2700 1380 2716 om.
1400 2688 1588 2716 M.⁰cc.⁰xv.
1622 2690 1681 2714 Hoc
1703 2696 1849 2713 annm...
1869 2695 1933 2721 spo-

1087 2735 1173 2760 linuit
1185 2735 1224 2768 fu
1242 2734 1377 2767 aggiunto
1388 2734 1471 2766 forse
1490 2733 1567 2757 dalla
1585 2735 1669 2756 nessa
1689 2739 1772 2763 mano,
1787 2730 1934 2756 attribuen-

1088 2778 1147 2802 dolo
1166 2778 1198 2801 al
1214 2783 1285 2807 1215

1039 2886 1127 2909 stesso
1147 2883 1244 2913 titolo,
1257 2891 1290 2916 31
1306 2890 1427 2916 mag.-14
1450 2883 1528 2915 giug.
1551 2887 1627 2913 1²¹3·
1664 2880 1820 2910 Entrambi,
1839 2880 1869 2904 lo
1890 2887 1935 2905 ve·

1038 2926 1144 2955 themo,
1168 2927 1269 2951 ebbero
1292 2925 1371 2950 usficl
1391 2925 1518 2949 notevoli
1539 2923 1614 2948 nella
1635 2922 1733 2948 Curia.

1125 2967 1136 2984 ²
1156 2968 1251 2993 Castel
1280 2968 1307 2992 dl
1329 2968 1454 2992 Mottola
1474 2968 1502 2990 in
1524 2973 1605 2999 prom
1624 2966 1652 2990 di
1678 2965 1816 2995 Tan-anto,
1837 2972 1933 2998 presso

1962 2486 2083 2512 luqm'sitio
2091 2487 2117 2507 uie
2122 2488 2173 2512 per-

2000 2520 2056 2534 sana
2078 2514 2173 2535 Ahhau's

2002 2541 2118 2566 Adenulfi.

1966 2972 1998 2989 10
