2320 3444
158 241 231 265 Mum,
248 247 268 262 e.
285 241 337 265 10⁴⁸
379 230 452 265 212

207 630 225 644 c.
241 626 266 648 (ό
274 630 288 642 v

146 652 169 671 μ’)
175 651 236 671 cutio
247 652 311 674 pape.

143 1106 243 1125 Moritur
254 1107 312 1130 papa

142 1206 249 1230 Imperatr
255 1206 282 1225 ix
308 1211 351 1225 nm-

167 1233 235 1255 ritur,

1900 225 1984 260 [ΛΑ.
2004 226 2202 262 1241-12421
2246 234 2257 260 ῃ

834 223 1106 260 RYCCARDI
1135 224 1205 258 DE
1233 222 1444 258 SANCTO
1474 219 1744 257 GERMANO

373 359 461 390 stine
484 358 565 389 illuc
590 358 639 388 ire
663 357 708 388 ad
731 354 955 386 habitandum
986 358 1166 395 cogantur.
1213 351 1338 384 Statuit
1360 351 1509 393 insuper,
1525 356 1563 382 ut
1578 350 1623 382 ad
1638 359 1725 392 opus
1741 349 1892 382 ciuitatis
1907 351 2063 384 eiusdem
2078 351 2199 384 uenire
2248 371 2255 376 υ

376 411 517 444 deberet
541 415 633 442 certa
657 408 830 451 quantitas
852 407 1027 439 hominum
1050 406 1093 437 de
1116 405 1257 437 abbatia
1287 404 1480 443 Casinensi,
1505 402 1645 436 abbatia
1675 403 1786 435 sancti
1815 402 2006 443 Uincentii,
2035 404 2201 437 comitatu

375 465 554 501 Fundano,
577 463 723 495 Comino
740 467 774 493 et
791 461 954 492 comitatu
977 458 1108 491 Molisii
1131 468 1193 500 per
1216 457 1444 490 ebdomadam
1461 456 1482 489 ¹.
1526 457 1571 489 Et
1586 462 1668 489 tunc
1685 461 1784 488 recto
1807 457 1943 489 tramite
1958 467 2022 500 per
2036 457 2200 490 Sanctum
2245 460 2257 498 ,ὲ

376 517 573 549 Germanun
596 514 769 556 Aliphiam
793 518 828 545 et
851 512 1089 544 Beneuentum
1113 516 1146 542 ln
1178 509 1341 552 Apuliam
1365 509 1462 542 uadit
1473 509 1496 547 ²,
1526 509 1695 542 mandans
1724 515 1763 542 ut
1792 509 1943 542 thesauri
1973 509 2200 543 ecclesiarum
2240 506 2258 522 “’

374 570 417 602 ad
440 570 548 610 ipsum
572 573 654 610 aput
677 567 819 609 Fogiam
842 563 1070 597 deferantur!

459 622 580 654 Mense
603 620 765 653 Octobris
789 618 971 662 Gyffridus
994 617 1266 650 Mediolanensis
1289 617 1324 648 in
1347 616 1560 649 Celestinum
1584 626 1710 659 papam
1734 615 1874 659 eligitur
1884 615 1907 648 ⁸.
2248 659 2250 661 ¹

462 675 513 707 Eo
536 685 653 706 mense
677 673 829 705 thesauri
852 671 1078 704 ecclesiarum
1101 676 1185 712 aput
1209 671 1237 702 F
1239 670 1353 713 ogiam
1376 668 1438 712 pe'r
1468 679 1528 701 eos
1550 668 1595 702 de
1627 668 1756 702 Sancto
1788 669 1962 703 Germano
1994 669 2053 712 qui
2082 667 2200 704 eorum

373 729 509 760 fuerant
532 726 686 760 custodie
711 725 878 768 deputati,
901 724 1088 756 mandante
1110 723 1238 755 Cesare
1262 722 1480 762 deferuntur,
1504 728 1650 764 excepta
1673 722 1790 755 tabula
1813 722 1931 755 altaris
1954 722 2064 756 sancti
2090 723 2201 756 Bene·
2249 747 2253 754 ,.

372 781 470 818 dicti,
493 787 528 814 et
549 786 588 812 ut
610 779 734 812 redimi
759 779 909 812 debeant
930 789 951 809 a
973 776 1119 819 prelatis
1141 776 1286 819 singulis
1309 781 1344 809 et
1367 776 1535 814 ecclesiis,
1559 785 1703 819 quarum
1727 781 1826 808 erant
1849 786 1912 818 pro
1935 782 2032 808 certa
2053 775 2203 820 pecunie

373 834 572 876 quantitate,
594 832 638 865 ab
660 833 872 875 Imperatore
895 831 1087 862 mandatur.
1133 829 1265 862 Eodem
1290 839 1407 861 mense
1430 829 1569 861 iubetur
1591 839 1612 860 a
1635 828 1774 868 Cesare,
1797 834 1835 862 ut
1863 828 1978 861 nullus
2001 829 2045 862 de
2073 829 2200 874 Regno
2227 827 2263 863 l

372 896 478 929 equos
499 893 558 919 aut
579 897 672 918 arma
694 884 842 918 uendere
865 884 919 917 uel
942 884 1078 916 trahere
1101 888 1198 915 extra
1221 883 1384 926 Regnum
1407 888 1592 925 presumat.

459 939 638 982 Inquisitio
661 944 745 981 aput
761 937 921 970 Sanctum
940 937 1147 969 Germanum
1164 935 1202 967 fit
1217 935 1260 967 de
1277 936 1425 968 medicis
1441 936 1497 978 qui
1515 936 1648 968 mederi
1665 936 1740 968 ausi
1757 941 1846 974 sunt,
1863 942 1898 968 et
1912 935 1949 968 in
1963 941 2038 970 tota
2051 934 2202 976 abbatia,
2265 943 2270 953 '¹

374 992 440 1024 nisi
464 992 507 1024 de
530 992 670 1024 licentia
693 990 881 1034 imperialis
903 989 1007 1022 Curie
1031 994 1066 1021 et
1088 999 1150 1030 per
1173 998 1250 1020 eam
1273 988 1405 1021 fuerint
1428 988 1624 1031 approbati.
2139 1002 2142 1006 ’

461 1045 595 1078 Ciuitas
618 1043 740 1077 Accon
763 1043 908 1076 rebellat
930 1042 1144 1085 Imperatori.

315 1121 320 1127 ·
462 1098 583 1131 Mense
606 1097 812 1131 Nouembris
834 1096 1026 1130 Celestinus
1048 1106 1140 1138 papa
1154 1095 1267 1128 Rome
1283 1101 1368 1138 aput
1383 1094 1547 1128 Sanctum
1565 1094 1707 1128 Petrum
1723 1096 1809 1129 obiit
1820 1096 1845 1134 *ς
1863 1102 1898 1129 et
1913 1097 1956 1130 de
1972 1095 2206 1131 cardinalibus
2228 1097 2260 1131 1

377 1151 527 1195 quidam,
549 1161 591 1184 eo
614 1152 799 1194 insepultO,
823 1151 867 1182 de
890 1149 986 1182 Urbe
1009 1150 1183 1192 fugerunt,
1208 1154 1244 1181 et
1266 1149 1487 1182 contulerunt
1509 1160 1546 1181 se
1569 1148 1777 1193 Anagniam.
2266 1148 2268 1150 ’

460 1204 581 1238 Mense
605 1204 807 1237 Decembris
830 1202 1033 1246 Imperatrix
1056 1207 1139 1244 aput
1162 1202 1304 1246 Fogiam
1328 1202 1424 1242 obiit,
1449 1208 1484 1235 et
1506 1208 1591 1245 aput
1613 1203 1784 1236 Andriam
1807 1203 1974 1247 sepelitur
1985 1202 2008 1237 ⁸.

458 1310 711 1346 M⁰CC⁰XLII⁰.
748 1311 870 1343 Mense
886 1310 1031 1342 Ianuarii
1048 1310 1223 1353 generalis
1239 1309 1385 1343 collecta
1401 1320 1463 1353 per
1479 1316 1586 1343 totum
1603 1310 1764 1354 Regnum
1782 1311 1944 1355 exigitur,
1959 1311 2004 1344 de
2019 1321 2088 1355 qua
2102 1310 2207 1344 tertia

462 1449 485 1466 2.
505 1442 604 1466 debeat
622 1450 670 1466 non
689 1441 800 1465 deberet
819 1441 903 1472 Uen„
922 1441 985 1465 Dm.
1005 1441 1048 1465 Ra
1066 1454 1099 1458 —
1118 1447 1175 1473 3·4.
1194 1440 1328 1465 Sanctum
1348 1440 1521 1466 Germanum
1539 1443 1567 1466 et
1593 1442 1785 1467 Beneventum
1803 1442 1879 1467 Uon-
1897 1454 1931 1459 —
1951 1441 1976 1467 6.
1994 1441 2112 1468 Creatio
2130 1449 2204 1476 pape

373 1486 450 1509 dalla
469 1492 544 1509 mano
562 1484 609 1508 del
624 1491 674 1509 sec.
693 1484 726 1507 X
728 1483 770 1507 Vl
782 1484 876 1507 scritto
895 1485 925 1507 al
942 1483 1067 1515 margine
1085 1487 1188 1508 esterno
1211 1483 1274 1507 Cod.
1293 1498 1325 1502 —
1346 1489 1369 1514 7.
1388 1483 1495 1508 Eodem
1515 1490 1609 1508 mense
1627 1483 1712 1515 UGH„
1731 1483 1795 1508 Dm.
1813 1483 1858 1508 Ra
1871 1497 1880 1501 -
1894 1484 1971 1518 apud
1984 1482 2069 1520 Ucm,
2081 1482 2202 1510 nuk:

374 1539 408 1544 -—
427 1533 586 1559 9.›quarum
605 1526 665 1550 erat
684 1526 769 1556 Uen„
787 1526 851 1550 Dar„
869 1526 914 1550 Ra:
933 1538 964 1543 -
987 1532 1027 1549 ιο.
1049 1525 1094 1549 his
1113 1526 1211 1550 diebus
1231 1526 1343 1550 iubetur
1363 1533 1378 1550 a
1398 1525 1501 1551 Cesare
1521 1526 1605 1557 Uen„
1623 1526 1687 1551 Dm.
1705 1525 1749 1551 Rs
1769 1539 1800 1544 -—
1824 1532 1863 1552 12.
1882 1526 2038 1559 Inquialtlo
2062 1525 2094 1551 fle
2117 1526 2149 1551 ln
2174 1525 2203 1552 S.

376 1567 518 1593 Germano
536 1567 569 1592 de
589 1567 704 1592 medicis
723 1568 808 1599 UGH„
828 1567 891 1592 Dat.
909 1567 953 1591 Rs:
973 1581 1002 1585 —
1027 1573 1066 1599 15.
1085 1568 1208 1592 Moritur
1228 1575 1300 1600 papa
1318 1569 1392 1593 della
1411 1577 1487 1593 mano
1505 1569 1552 1592 del
1567 1577 1618 1594 sec.
1638 1568 1715 1594 XVI
1733 1571 1778 1594 nel
1802 1569 1926 1602 margine
1951 1572 2054 1594 esterno
2079 1569 2144 1595 Coa.
2169 1581 2202 1587 -—

332 1617 346 1643 5
376 1615 417 1642 17.
435 1610 604 1643 Imperatrix
624 1611 746 1635 moritur
764 1611 810 1634 nel
826 1610 952 1642 margine
971 1613 1074 1635 esterno
1092 1611 1166 1635 della
1185 1619 1260 1635 mano
1279 1612 1325 1635 del
1341 1619 1392 1636 sec.
1412 1611 1488 1635 XVI
1507 1610 1570 1636 Coei.

462 1698 471 1715 ¹
490 1697 546 1724 Gia
565 1698 612 1722 dal
632 1699 686 1723 feb.
709 1705 772 1731 1²4¹
794 1699 816 1723 il
835 1699 1001 1731 giustiziere
1021 1699 1050 1723 di
1064 1698 1151 1724 Terra
1165 1699 1195 1724 dl
1208 1698 1260 1724 La-

374 1749 445 1766 voro
465 1748 553 1766 aveva
573 1741 645 1765 fatto
664 1741 805 1766 lnchieste
825 1742 871 1766 nel
891 1741 1024 1766 Contado
1049 1742 1095 1767 del
1119 1742 1224 1766 Mollse
1248 1750 1263 1767 e

374 1784 419 1808 nel
439 1784 588 1808 territorio
607 1783 638 1807 dl
657 1783 760 1814 Fundi,
778 1785 786 1807 i
806 1785 852 1808 cui
872 1784 996 1809 abitantl
1022 1791 1108 1809 erano
1135 1785 1263 1809 accusati

375 1825 432 1850 “de
456 1826 576 1850 crimme
602 1825 783 1850 infidelitatis
794 1842 820 1857 η,
856 1826 1061 1859 L’imperatore
1087 1834 1148 1851 non
1172 1834 1262 1851 aveva

373 1868 490 1892 creduto
511 1868 630 1892 fondata
649 1868 768 1892 l’accnsa
780 1876 829 1902 per
842 1869 931 1900 quelli
946 1869 990 1893 dei
1005 1870 1115 1894 castelli
1131 1869 1234 1894 d’lsola
1247 1877 1263 1894 e

374 1910 402 1934 dl
416 1909 549 1940 Pastenag
564 1911 712 1942 Reges-tum
723 1911 800 1935 Frid.
813 1912 926 1941 secundi,
941 1912 982 1936 ed.
996 1910 1141 1943 Canenti,
1157 1919 1183 1944 p.
1198 1918 1262 1945 350;

373 1951 714 1982 Humano-Bmtuorms,
733 1953 767 1982 V,
792 1961 839 1986 pp.
865 1953 962 1985 705-6:
982 1954 1118 1984 ΒὸιιΜιιιι,
1137 1962 1164 1979 n.
1185 1954 1263 1980 2826.

460 1994 500 2018 La
519 2002 614 2019 nuova
636 1995 778 2020 cittadina
803 1996 833 2020 dl
858 1996 954 2020 fronte
979 2003 996 2020 a
1023 1995 1163 2029 Ceprano,
1190 1997 1262 2022 dove

374 2036 477 2061 turono
496 2037 614 2061 raccolti
634 2037 675 2069 gli
696 2037 819 2062 abitanti
839 2038 949 2067 d’Arce,
963 2039 993 2063 di
1005 2038 1033 2063 S.
1053 2037 1202 2064 Giovannl
1216 2039 1262 2064 In·

375 2079 477 2109 carlco,
497 2079 526 2103 di
545 2079 637 2103 Ponte
655 2079 786 2104 Solerato
806 2088 820 2104 e
839 2080 869 2104 di
888 2079 1009 2105 Pdstena
1032 2081 1077 2106 dal
1104 2080 1262 2106 Gnaeono-

375 2127 442 2145 vws
462 2120 513 2152 (op.
533 2122 586 2152 cit„
601 2121 634 2151 V,
648 2129 674 2153 p.
690 2129 719 2153 5¹
741 2130 754 2146 e
774 2121 854 2155 nota)
867 2121 881 2148 ὲ
894 2123 973 2148 detta
991 2124 1126 2156 Flagelle,
1142 2124 1263 2148 rifacen-

375 2163 439 2187 dosi
461 2163 487 2187 al
502 2165 634 2195 seguente
648 2164 737 2188 brano
753 2164 780 2188 di
796 2172 851 2188 una
866 2165 968 2189 lettera
983 2166 1132 2198 imperiale
1145 2166 1190 2190 del
1202 2167 1263 2199 giu-

375 2213 432 2237 gno
454 2211 533 2236 1242:
555 2203 736 2230 “Civitatem
763 2209 891 2231 nostram
915 2207 1041 2240 Flagelle
1068 2209 1100 2232 ad
1120 2208 1262 2240 flagellum

376 2247 596 2272 “hostium....
630 2248 750 2272 fundare
776 2250 953 2280 providimus
964 2267 1054 2280 .....
1064 2260 1069 2279 ;
1097 2251 1262 2275 HmLLAnn·

377 2288 553 2318 antinomias,
574 2289 621 2319 VI,
640 2298 667 2321 p.
687 2295 735 2321 51;
755 2291 891 2320 Βόιιινιιῑκ,
906 2300 934 2316 ιι.
947 2299 1026 2325 3303.
1063 2293 1096 2318 R.
1111 2293 1138 2317 la
1152 2293 1263 2318 chiama

377 2332 468 2363 prima
494 2331 632 2356 “Civitas
653 2340 767 2365 nova„·,
789 2341 812 2358 v.
839 2342 864 2366 p.
886 2341 945 2367 215,
972 2343 1019 2359 nn.
1046 2335 1062 2359 6
1087 2343 1102 2360 e
1130 2343 1158 2360 ιι
1179 2343 1194 2360 e
1213 2338 1262 2369 poi

378 2371 390 2384 “
403 2371 530 2404 Flagella
541 2380 573 2404 „3
595 2380 621 2398 v,
633 2380 660 2404 p.
680 2372 740 2398 216.
758 2373 826 2398 Alla
844 2376 1055 2400 ricostruzione
1069 2376 1097 2400 di
1112 2383 1174 2401 essa
1189 2377 1264 2402 furo-

377 2421 414 2438 no
429 2421 477 2447 per
491 2414 644 2439 settimana
658 2415 761 2440 adibiti
780 2418 890 2441 uomini
911 2418 1080 2449 dipendentl
1094 2419 1170 2443 dalle
1189 2419 1263 2444 Aba·

377 2456 421 2480 zle
434 2456 461 2480 di
482 2456 694 2481 Montecasslno
712 2465 726 2482 e
746 2459 775 2482 di
788 2458 815 2483 S.
834 2459 983 2484 Vincenzo
997 2460 1025 2484 al
1044 2460 1198 2490 Volturno,
1218 2461 1263 2486 del

377 2498 501 2522 contado
514 2499 543 2522 di
557 2498 660 2527 Fundi,
674 2499 701 2523 di
718 2499 842 2525 Comino
862 2508 876 2525 e
889 2502 935 2526 del
955 2503 1078 2527 contado
1092 2503 1137 2527 del
1152 2503 1263 2529 Molise.

464 2539 475 2555 ²
493 2540 524 2564 In
544 2541 703 2566 Benevento
730 2543 759 2566 fu
781 2543 952 2568 nell’ultlrna
977 2545 1078 2569 decade
1104 2545 1149 2570 del
1176 2553 1263 2577 mese;

376 2583 551 2614 soprattutto
571 2582 607 2608 cs.
628 2584 763 2614 Excerpta
782 2586 976 2618 ,Manilius-ia,
998 2595 1026 2612 n.
1053 2594 1085 2619 25
1109 2595 1123 2612 e
1149 2588 1207 2619 25b
1233 2589 1262 2612 ln

377 2624 600 2654 mesmaams.
619 2625 640 2654 1,
660 2633 687 2657 p.
706 2625 772 2658 663;
792 2628 926 2659 Βόιιιιιιῑιι,
947 2635 997 2654 ιιη.
1016 2635 1123 2662 3233-4.

463 2665 474 2682 ³
492 2666 588 2691 Morto
608 2666 751 2700 Gregorio
770 2668 818 2698 IX,
838 2670 946 2695 Matteo
965 2670 1068 2702 Russo,
1089 2673 1220 2696 senatore
1233 2672 1263 2696 di

377 2708 475 2737 Roma,
488 2706 565 2732 riunl
581 2710 626 2733 nel
640 2710 812 2740 Settizonio,
833 2712 946 2745 “Regia
964 2712 1072 2744 Solism
1086 2714 1159 2738 dieci
1173 2714 1264 2739 cardi-

378 2749 438 2774 nali
457 2757 506 2782 per
524 2751 673 2782 procedere
699 2753 755 2777 alla
780 2753 907 2778 elezione
927 2754 971 2779 del
993 2762 1089 2780 nuovo
1115 2756 1263 2787 pontefice.

379 2790 392 2803 ¹⁴
405 2790 469 2822 Ubi,
483 2799 560 2817 come
580 2794 736 2826 sapplamo,
750 2795 816 2820 dum
830 2797 962 2821 undecim
975 2797 1144 2822 ebdomadas
1159 2799 1188 2822 in
1208 2799 1263 2823 ele-

380 2832 499 2858 “ctione
518 2835 679 2860 laborantes
698 2845 755 2861 non
775 2839 1007 2868 concordassent,
1028 2840 1068 2863 ita
1088 2842 1118 2864 ut
1132 2847 1203 2864 unus
1217 2848 1263 2865 eo-

380 2875 473 2905 “rum,
493 2877 602 2902 scilicet
621 2878 763 2904 Rubertus
783 2881 816 2905 de
836 2880 973 2912 Curtzim,
992 2882 1097 2906 ibidem
1119 2890 1167 2915 per
1193 2884 1265 2908 aeris

318 2922 350 2948 35
380 2916 610 2951 “intemperiam,
631 2928 683 2952 que
703 2923 731 2945 in
753 2923 819 2947 urbe
839 2925 905 2960 tunc
925 2924 1095 2953 invaluerat,
1108 2926 1263 2949 extremum

379 2959 392 2972 “
403 2960 525 2985 exalaret
545 2962 687 2994 spiritum,
706 2964 818 2988 tandem
839 2971 883 2990 vu
897 2965 952 2990 kal.
967 2967 1128 2991 novembris
1142 2966 1188 2996 (26
1202 2966 1266 3000 ott.)

381 3002 433 3028 “in
457 3002 601 3029 dominum
627 3003 800 3031 Gaufredum
826 3006 1008 3034 Sabinensem
1035 3009 1174 3042 presulem
1200 3017 1263 3034 cou—

316 1876 347 1893 10

318 2088 346 2114 15

316 2297 349 2314 20

317 2508 347 2534 ²5

317 2717 351 2742 30

1316 1698 1329 1712 “
1341 1701 1497 1729 senserunt,
1515 1702 1544 1724 et
1562 1699 1742 1725 Celestinum
1761 1701 2006 1734 nuncupaverunt.
2037 1698 2096 1728 Qui
2108 1699 2207 1725 :tuum

1316 1740 1330 1754 ‘⁴
1341 1743 1433 1767 tercio
1453 1742 1499 1767 die
1518 1743 1617 1767 morbo
1637 1745 1793 1775 correptus,
1813 1749 1864 1767 nec
1882 1742 1975 1775 pallio
1989 1750 2040 1767 nec
2053 1741 2149 1768 Insula
2158 1741 2206 1767 vel

1315 1784 1417 1809 “bulla
1436 1785 1560 1816 functus,
1582 1785 1692 1810 decima
1712 1786 1832 1818 septima
1851 1784 1900 1809 dle
1917 1790 1966 1810 1111
1985 1785 2023 1810 ld.
2043 1783 2206 1810 novembris

1299 1818 1387 1859 “‘(10
1405 1827 1485 1858 nov.)
1505 1826 1551 1851 die
1571 1827 1676 1851 clausit
1694 1828 1859 1851 extremum.
1895 1827 1996 1859 Sleque
2015 1826 2130 1859 quidam
2149 1833 2208 1851 car·

1317 1869 1454 1894 “dinales
1474 1870 1508 1894 ab
1528 1870 1596 1894 urbe
1614 1870 1720 1902 dilapsi
1741 1869 1906 1894 metuebant
1931 1870 2035 1895 iterato
2058 1865 2206 1901 includi..

1313 1911 1346 1936 In
1366 1914 1466 1943 questo
1484 1912 1584 1941 branc,
1602 1913 1747 1944 riportato
1766 1912 1813 1936 dal
1838 1912 1983 1937 chronicon
2006 1911 2208 1944 Sampetrinun

1315 1955 1481 1987 Erfurtense
1500 1955 1574 1979 nelle
1587 1954 1724 1987 aggiunte
1737 1954 1782 1979 del
1797 1954 2017 1979 meamunzm
2036 1954 2066 1979 ln
2080 1953 2207 1979 Bonum

1316 1997 1373 2021 vol.
1392 1995 1428 2024 11.
1447 2004 1474 2028 p.
1496 1996 1571 2028 1258,
1593 2005 1619 2021 n.
1639 2002 1706 2028 7377
1718 1997 1741 2026 b,
1761 1996 1788 2020 la
1811 1995 1877 2020 data
1903 1996 1932 2020 di
1957 1994 2084 2020 elezione
2110 2002 2168 2020 nou
2191 1993 2207 2020 ὲ

1314 2040 1415 2064 esatta.
1451 2038 1592 2069 Gofl‘redo,
1612 2046 1736 2063 vescovo
1761 2038 1905 2063 cardinale
1929 2037 1959 2062 di
1983 2037 2012 2063 S.
2034 2037 2150 2070 Sablna,
2176 2037 2207 2062 fu

1317 2082 1406 2106 eletto
1426 2081 1446 2106 11
1469 2086 1500 2113 25
1521 2083 1588 2107 ott.:
1611 2081 1624 2094 “
1635 2088 1694 2106 vm
1713 2081 1770 2106 kal.
1784 2088 1850 2106 nov.
1863 2081 1967 2106 electio
1982 2086 2054 2114 pape
2065 2079 2208 2106 Celestlnl

1318 2122 1438 2156 “quarti
1456 2130 1534 2148 anno
1554 2123 1666 2148 domini
1685 2122 1870 2154 MCCXL1„;
1890 2123 1926 2147 cs.
1941 2123 2060 2147 Annales
2078 2121 2208 2148 Sea-enm

1316 2166 1375 2191 cit..
1413 2166 1465 2189 Per
1483 2165 1556 2190 altre
1575 2166 1685 2190 notizie
1704 2165 1740 2190 cf.
1755 2166 1890 2194 Bonum,
1905 2172 1932 2189 n.
1945 2165 2116 2198 7377be1t.;
2134 2163 2208 2189 Ροτ-

1316 2215 1420 2237 THAST,
1439 2208 1459 2236 1,
1486 2215 1511 2240 p.
1532 2214 1592 2240 940.

1404 2250 1585 2275 Burmannus
1604 2250 1764 2279 Guxuoms,
1781 2251 1811 2274 in
1825 2249 1998 2281 Muranum,
2013 2249 2079 2274 RR.
2093 2249 2134 2274 ll.
2148 2248 2208 2278 SS„

1315 2292 1363 2321 111,
1382 2299 1410 2325 p.
1430 2291 1488 2324 589,
1509 2292 1584 2324 dopo
1604 2291 1632 2316 la
1651 2293 1742 2316 morte
1761 2292 1790 2316 di
1811 2291 1958 2316 Celestino
1976 2290 2024 2320 1v‚
2037 2290 2090 2316 che
2100 2290 2208 2316 sedette

1319 2340 1349 2367 17
1375 2334 1482 2366 giorni,
1508 2335 1668 2367 soggiunge
1692 2334 1742 2358 che
1770 2334 1963 2366 “vacavstque
1987 2333 2066 2358 redes
2089 2333 2208 2367 propter

1317 2377 1330 2389 ‘⁴
1341 2377 1514 2402 ambitiones
1528 2378 1555 2401 et
1569 2377 1729 2401 discordias
1740 2376 1886 2401 mensibus
1897 2381 1969 2400 xxn.
1983 2375 2082 2400 diebus
2093 2380 2208 2407 xxm-,-

1405 2417 1416 2433 ⁴
1434 2418 1480 2444 Cf.
1501 2427 1530 2445 n.
1549 2427 1574 2453 3.

1404 2460 1415 2476 ⁶
1432 2462 1554 2487 Isabella
1574 2462 1783 2495 d'Inghllterra,
1803 2464 1879 2487 terza
1898 2460 2005 2494 moglle
2023 2460 2054 2485 di
2073 2460 2208 2486 Federieo

1317 2504 1353 2534 ΙΙ,
1372 2503 1446 2530 morl
1467 2506 1493 2530 al
1513 2507 1597 2538 parto
1616 2506 1646 2530 ln
1666 2505 1776 2538 Foggla
1797 2504 1853 2529 “in
1873 2504 1919 2529 dle
1943 2503 2090 2532 dominico
2114 2503 2208 2537 primo

1319 2546 1497 2572 “decembris
1508 2566 1534 2580 m
1552 2555 1630 2572 come
1650 2548 1674 2572 si
1693 2547 1774 2580 legge
1794 2547 1839 2571 nel
1864 2546 2001 2571 mandato
2019 2544 2207 2576 dell’impen-

1318 2590 1380 2613 tore
1394 2597 1409 2613 a
1423 2589 1521 2615 Pietro
1539 2589 1649 2619 Cleala,
1662 2590 1741 2614 edito
1762 2589 1810 2614 dal
1825 2589 2054 2619 witsant-umis,
2071 2586 2093 2619 1,
2106 2594 2134 2620 p.
2147 2585 2207 2612 668.

1318 2630 1360 2655 Fu
1380 2631 1490 2663 sepolta
1510 2639 1585 2663 pure,
1605 2639 1684 2656 come
1703 2630 1824 2656 Isabella
1843 2631 1871 2655 dl
1887 2630 2010 2654 Brienne
2023 2636 2074 2655 sua
2086 2629 2209 2654 second·
2234 2629 2270 2655 60
2295 2622 2299 2655 J

1318 2674 1434 2706 moglie,
1458 2674 1534 2699 nella
1561 2674 1716 2699 cattedrale
1741 2673 1769 2698 di
1795 2673 1908 2697 Andria
1932 2673 2004 2704 1130
2028 2672 2049 2702 1,
2078 2671 2209 2704 ¹242301'·

1319 2723 1346 2747 p.
1374 2723 1421 2748 191
1450 2724 1476 2741 n.
1503 2723 1533 2746 2;
1553 2716 1742 2742 ΜΑττιιΑιῑιιε
1766 2715 1865 2745 Panis,
1889 2718 1931 2746 op.
1949 2715 2003 2743 cit„
2023 2715 2059 2739 ad
2078 2722 2104 2739 a.
2125 2714 2208 2747 ¹²4²}

1318 2750 1666 2788 Hmmmn-Bnanotms,
1687 2758 1735 2788 VI,
1755 2766 1781 2791 p.
1803 2757 1851 2788 263
1870 2758 2007 2788 Beuum,
2029 2765 2056 2781 ιι.
2077 2755 2156 2789 3267.

1408 2799 1514 2828 Queste
1533 2802 1629 2826 tombe
1650 2802 1754 2825 surono
1774 2799 2044 2824 sistematicamente
2069 2798 2210 2831 esplorate
2294 2813 2296 2815 >

1320 2850 1334 2866 e
1353 2843 1488 2867 descrltte
1507 2844 1542 2868 da
1562 2844 1597 2868 A.
1615 2843 1778 2872 ΗΑεΕιοπιτ,
1798 2843 1838 2867 Le
1856 2843 1938 2867 tombe
1957 2842 2029 2866 delle
2041 2840 2212 2872 imperatam·
2235 2838 2268 2872 65
2300 2866 2304 2871 ,

1319 2884 1838 2918 sveveinRassegnaPugllese
1858 2883 2210 2909 disclenzelettere
2301 2876 2304 2884 ¹

1318 2934 1332 2951 e
1353 2929 1442 2958 arti,
1462 2928 1559 2959 Trani,
1583 2928 1733 2960 1905;D1·e
1752 2927 2036 2959 Kaisarinnengrdber
2053 2926 2080 2950 ι’»
2093 2925 2209 2954 Andria,

1320 2968 1421 3000 Roma,
1444 2969 1511 3002 1906
1537 2969 1604 3003 (Die
1628 2971 1749 2999 Gn‘iberz
1767 2971 1823 2995 Die
1843 2969 1870 2994 in
1894 2970 1944 2994 der
1970 2969 2145 2994 Ualen-birche
2159 2975 2209 3000 ge-

1311 3011 1451 3044 fundeneu
1473 3013 1634 3041 Bildwerke..
1654 3020 1680 3044 p.
1704 3011 1734 3036 18
1753 3019 1767 3036 e
1787 3010 1848 3043 sg.).
