<?xml version="1.0" encoding="UTF-8"?>
<!DOCTYPE html PUBLIC "-//W3C//DTD XHTML 1.0 Transitional//EN"
    "http://www.w3.org/TR/xhtml1/DTD/xhtml1-transitional.dtd">
<html xmlns="http://www.w3.org/1999/xhtml" xml:lang="en" lang="en">
 <head>
  <title>
</title>
<meta http-equiv="Content-Type" content="text/html;charset=utf-8" />
  <meta name='ocr-system' content='tesseract 3.04.00' />
  <meta name='ocr-capabilities' content='ocr_page ocr_carea ocr_par ocr_line ocrx_word'/>
</head>
<body>
  <div class='ocr_page' id='page_1' title='image "./rerumitalicarums72murauoft_0277.png"; bbox 0 0 2320 3444; ppageno 0'>
   <div class='ocr_carea' id='block_1_1' title="bbox 0 555 65 1975">
    <p class='ocr_par' dir='ltr' id='par_1_1' title="bbox 0 555 65 1975">
     <span class='ocr_line' id='line_1_1' title="bbox 0 555 62 910; baseline 0 -93"><span class='ocrx_word' id='word_1_1' title='bbox 0 555 62 910; x_wconf 95' lang='lat' dir='ltr'><strong>   </strong></span> 
     </span>
     <span class='ocr_line' id='line_1_2' title="bbox 0 910 47 1160; baseline 0 0"><span class='ocrx_word' id='word_1_2' title='bbox 0 910 47 1160; x_wconf 95' lang='lat' dir='ltr'><strong>  </strong></span> 
     </span>
     <span class='ocr_line' id='line_1_3' title="bbox 0 1160 65 1443; baseline 0 0"><span class='ocrx_word' id='word_1_3' title='bbox 0 1160 65 1443; x_wconf 95' lang='lat' dir='ltr'><strong>  </strong></span> 
     </span>
     <span class='ocr_line' id='line_1_4' title="bbox 0 1443 38 1694; baseline 0 0"><span class='ocrx_word' id='word_1_4' title='bbox 0 1443 38 1694; x_wconf 95' lang='lat' dir='ltr'><strong>  </strong></span> 
     </span>
     <span class='ocr_line' id='line_1_5' title="bbox 0 1694 42 1975; baseline 0 0"><span class='ocrx_word' id='word_1_5' title='bbox 0 1694 42 1975; x_wconf 95' lang='lat' dir='ltr'><strong>  </strong></span> 
     </span>
    </p>
   </div>
   <div class='ocr_carea' id='block_1_2' title="bbox 25 2216 73 2246">
    <p class='ocr_par' dir='ltr' id='par_1_2' title="bbox 25 2216 73 2246">
     <span class='ocr_line' id='line_1_6' title="bbox 25 2216 73 2246; baseline 0 0"><span class='ocrx_word' id='word_1_6' title='bbox 25 2216 73 2246; x_wconf 75' lang='lat'><strong>5⁵</strong></span> 
     </span>
    </p>
   </div>
   <div class='ocr_carea' id='block_1_3' title="bbox 19 2475 76 2516">
    <p class='ocr_par' dir='ltr' id='par_1_3' title="bbox 19 2475 76 2516">
     <span class='ocr_line' id='line_1_7' title="bbox 42 2475 76 2494; baseline 0 0"><span class='ocrx_word' id='word_1_7' title='bbox 42 2475 76 2494; x_wconf 79' lang='lat'><strong>10</strong></span> 
     </span>
     <span class='ocr_line' id='line_1_8' title="bbox 19 2507 23 2516; baseline 0 0"><span class='ocrx_word' id='word_1_8' title='bbox 19 2507 23 2516; x_wconf 73' lang='grc' dir='ltr'>ι</span> 
     </span>
    </p>
   </div>
   <div class='ocr_carea' id='block_1_4' title="bbox 24 2660 74 2714">
    <p class='ocr_par' dir='ltr' id='par_1_4' title="bbox 24 2660 74 2714">
     <span class='ocr_line' id='line_1_9' title="bbox 24 2660 74 2714; baseline -0.06 0"><span class='ocrx_word' id='word_1_9' title='bbox 24 2660 74 2714; x_wconf 75' lang='lat' dir='ltr'><strong>fxs</strong></span> 
     </span>
    </p>
   </div>
   <div class='ocr_carea' id='block_1_5' title="bbox 23 2897 75 2929">
    <p class='ocr_par' dir='ltr' id='par_1_5' title="bbox 23 2897 75 2929">
     <span class='ocr_line' id='line_1_10' title="bbox 23 2897 75 2929; baseline 0.019 -13"><span class='ocrx_word' id='word_1_10' title='bbox 23 2897 75 2929; x_wconf 35' lang='grc' dir='ltr'><strong>ᾗνΒΟ</strong></span> 
     </span>
    </p>
   </div>
   <div class='ocr_carea' id='block_1_6' title="bbox 33 1109 81 1143">
    <p class='ocr_par' dir='ltr' id='par_1_6' title="bbox 33 1109 81 1143">
     <span class='ocr_line' id='line_1_11' title="bbox 33 1109 81 1143; baseline 0.083 -25"><span class='ocrx_word' id='word_1_11' title='bbox 33 1109 81 1143; x_wconf 58' lang='lat'><strong>¹5</strong></span> 
     </span>
    </p>
   </div>
   <div class='ocr_carea' id='block_1_7' title="bbox 109 237 274 274">
    <p class='ocr_par' dir='ltr' id='par_1_7' title="bbox 109 237 274 274">
     <span class='ocr_line' id='line_1_12' title="bbox 109 237 274 274; baseline 0 -9"><span class='ocrx_word' id='word_1_12' title='bbox 109 237 161 274; x_wconf 73' lang='lat' dir='ltr'><strong>[A.</strong></span> <span class='ocrx_word' id='word_1_13' title='bbox 181 237 274 273; x_wconf 75' lang='lat'>1239]</span> 
     </span>
    </p>
   </div>
   <div class='ocr_carea' id='block_1_8' title="bbox 884 230 1161 266">
    <p class='ocr_par' dir='ltr' id='par_1_8' title="bbox 884 230 1161 266">
     <span class='ocr_line' id='line_1_13' title="bbox 884 230 1161 266; baseline -0.004 0"><span class='ocrx_word' id='word_1_14' title='bbox 884 231 1068 266; x_wconf 92' lang='lat' dir='ltr'><strong>CHRON</strong></span> <span class='ocrx_word' id='word_1_15' title='bbox 1074 230 1123 265; x_wconf 92' lang='lat' dir='ltr'><strong>IC</strong></span> <span class='ocrx_word' id='word_1_16' title='bbox 1126 230 1161 265; x_wconf 89' lang='lat' dir='ltr'>A</span> 
     </span>
    </p>
   </div>
   <div class='ocr_carea' id='block_1_9' title="bbox 110 359 1950 563">
    <p class='ocr_par' dir='ltr' id='par_1_9' title="bbox 110 359 1950 563">
     <span class='ocr_line' id='line_1_14' title="bbox 110 359 1945 407; baseline -0.003 -10"><span class='ocrx_word' id='word_1_17' title='bbox 110 365 126 382; x_wconf 83' lang='lat'>‘</span> <span class='ocrx_word' id='word_1_18' title='bbox 135 365 216 397; x_wconf 90' lang='lat' dir='ltr'><strong>dato</strong></span> <span class='ocrx_word' id='word_1_19' title='bbox 232 363 347 397; x_wconf 88' lang='lat' dir='ltr'><strong>Curie.</strong></span> <span class='ocrx_word' id='word_1_20' title='bbox 371 364 457 396; x_wconf 87' lang='lat' dir='ltr'><strong>Item</strong></span> <span class='ocrx_word' id='word_1_21' title='bbox 474 363 568 407; x_wconf 90' lang='lat' dir='ltr'><strong>quod</strong></span> <span class='ocrx_word' id='word_1_22' title='bbox 582 368 776 396; x_wconf 78' lang='lat' dir='ltr'><strong>statuantur</strong></span> <span class='ocrx_word' id='word_1_23' title='bbox 791 362 1038 405; x_wconf 83' lang='lat' dir='ltr'>exploratores,</span> <span class='ocrx_word' id='word_1_24' title='bbox 1053 373 1098 394; x_wconf 90' lang='lat' dir='ltr'><strong>ne</strong></span> <span class='ocrx_word' id='word_1_25' title='bbox 1112 362 1189 405; x_wconf 89' lang='lat' dir='ltr'><strong>quis</strong></span> <span class='ocrx_word' id='word_1_26' title='bbox 1201 361 1374 394; x_wconf 88' lang='lat' dir='ltr'><strong>masculus</strong></span> <span class='ocrx_word' id='word_1_27' title='bbox 1389 361 1448 393; x_wconf 91' lang='lat' dir='ltr'><strong>uel</strong></span> <span class='ocrx_word' id='word_1_28' title='bbox 1463 360 1595 392; x_wconf 72' lang='lat' dir='ltr'><strong>femina</strong></span> <span class='ocrx_word' id='word_1_29' title='bbox 1606 360 1769 393; x_wconf 87' lang='lat' dir='ltr'><strong>intrando</strong></span> <span class='ocrx_word' id='word_1_30' title='bbox 1781 359 1945 403; x_wconf 85' lang='lat' dir='ltr'>Regnum</span> 
     </span>
     <span class='ocr_line' id='line_1_15' title="bbox 111 413 1949 460; baseline -0.002 -10"><span class='ocrx_word' id='word_1_31' title='bbox 111 418 253 460; x_wconf 80' lang='lat' dir='ltr'><strong>‘portet</strong></span> <span class='ocrx_word' id='word_1_32' title='bbox 273 416 418 459; x_wconf 86' lang='lat' dir='ltr'><strong>papales</strong></span> <span class='ocrx_word' id='word_1_33' title='bbox 441 417 576 450; x_wconf 87' lang='lat' dir='ltr'><strong>litteras</strong></span> <span class='ocrx_word' id='word_1_34' title='bbox 598 422 721 449; x_wconf 87' lang='lat' dir='ltr'><strong>contra</strong></span> <span class='ocrx_word' id='word_1_35' title='bbox 743 416 925 454; x_wconf 86' lang='lat' dir='ltr'><strong>Cesarem;</strong></span> <span class='ocrx_word' id='word_1_36' title='bbox 948 416 1043 453; x_wconf 89' lang='lat' dir='ltr'><strong>item,</strong></span> <span class='ocrx_word' id='word_1_37' title='bbox 1067 420 1103 447; x_wconf 91' lang='lat' dir='ltr'><strong>ut</strong></span> <span class='ocrx_word' id='word_1_38' title='bbox 1133 414 1192 457; x_wconf 87' lang='lat' dir='ltr'><strong>qui</strong></span> <span class='ocrx_word' id='word_1_39' title='bbox 1213 415 1377 447; x_wconf 87' lang='lat' dir='ltr'><strong>inuentus</strong></span> <span class='ocrx_word' id='word_1_40' title='bbox 1400 414 1508 447; x_wconf 78' lang='lat' dir='ltr'><strong>fuerit</strong></span> <span class='ocrx_word' id='word_1_41' title='bbox 1532 419 1656 447; x_wconf 89' lang='lat' dir='ltr'><strong>contra</strong></span> <span class='ocrx_word' id='word_1_42' title='bbox 1679 413 1842 446; x_wconf 87' lang='lat' dir='ltr'><strong>Cesarem</strong></span> <span class='ocrx_word' id='word_1_43' title='bbox 1872 413 1949 446; x_wconf 88' lang='lat' dir='ltr'><strong>illas</strong></span> 
     </span>
     <span class='ocr_line' id='line_1_16' title="bbox 111 465 1950 513; baseline -0.002 -10"><span class='ocrx_word' id='word_1_44' title='bbox 111 471 293 513; x_wconf 73' lang='lat' dir='ltr'><strong>“poi-tans,</strong></span> <span class='ocrx_word' id='word_1_45' title='bbox 314 470 436 503; x_wconf 91' lang='lat' dir='ltr'><strong>ultimo</strong></span> <span class='ocrx_word' id='word_1_46' title='bbox 458 469 631 512; x_wconf 90' lang='lat' dir='ltr'><strong>supplicio</strong></span> <span class='ocrx_word' id='word_1_47' title='bbox 656 470 817 512; x_wconf 86' lang='lat' dir='ltr'><strong>puniatur</strong></span> <span class='ocrx_word' id='word_1_48' title='bbox 839 479 1043 512; x_wconf 88' lang='lat' dir='ltr'><strong>suspensus;</strong></span> <span class='ocrx_word' id='word_1_49' title='bbox 1069 473 1104 500; x_wconf 90' lang='lat' dir='ltr'><strong>et</strong></span> <span class='ocrx_word' id='word_1_50' title='bbox 1127 468 1156 500; x_wconf 89' lang='lat' dir='ltr'><strong>si</strong></span> <span class='ocrx_word' id='word_1_51' title='bbox 1180 468 1371 510; x_wconf 90' lang='lat' dir='ltr'><strong>portauerit</strong></span> <span class='ocrx_word' id='word_1_52' title='bbox 1386 467 1517 500; x_wconf 81' lang='lat' dir='ltr'><strong>litteras</strong></span> <span class='ocrx_word' id='word_1_53' title='bbox 1533 467 1578 499; x_wconf 89' lang='lat' dir='ltr'><strong>de</strong></span> <span class='ocrx_word' id='word_1_54' title='bbox 1595 465 1786 505; x_wconf 82' lang='lat' dir='ltr'><strong>credentia,</strong></span> <span class='ocrx_word' id='word_1_55' title='bbox 1803 471 1950 509; x_wconf 86' lang='lat' dir='ltr'><strong>cogatur</strong></span> 
     </span>
     <span class='ocr_line' id='line_1_17' title="bbox 111 518 1949 563; baseline -0.002 -7"><span class='ocrx_word' id='word_1_56' title='bbox 111 524 296 556; x_wconf 73' lang='lat' dir='ltr'><strong>‘confiteri</strong></span> <span class='ocrx_word' id='word_1_57' title='bbox 325 523 466 557; x_wconf 88' lang='lat' dir='ltr'><strong>modum</strong></span> <span class='ocrx_word' id='word_1_58' title='bbox 495 529 530 556; x_wconf 87' lang='lat' dir='ltr'><strong>et</strong></span> <span class='ocrx_word' id='word_1_59' title='bbox 559 529 715 556; x_wconf 87' lang='lat' dir='ltr'><strong>tenorem</strong></span> <span class='ocrx_word' id='word_1_60' title='bbox 747 523 937 555; x_wconf 90' lang='lat' dir='ltr'><strong>credentie.</strong></span> <span class='ocrx_word' id='word_1_61' title='bbox 982 522 1028 554; x_wconf 90' lang='lat' dir='ltr'><strong>Et</strong></span> <span class='ocrx_word' id='word_1_62' title='bbox 1049 522 1078 554; x_wconf 85' lang='lat' dir='ltr'><strong>si</strong></span> <span class='ocrx_word' id='word_1_63' title='bbox 1110 521 1286 555; x_wconf 81' lang='lat' dir='ltr'><strong>confessio</strong></span> <span class='ocrx_word' id='word_1_64' title='bbox 1315 521 1404 554; x_wconf 86' lang='lat' dir='ltr'><strong>ledit</strong></span> <span class='ocrx_word' id='word_1_65' title='bbox 1433 520 1638 563; x_wconf 83' lang='lat' dir='ltr'><strong>principem,</strong></span> <span class='ocrx_word' id='word_1_66' title='bbox 1669 520 1794 553; x_wconf 89' lang='lat' dir='ltr'><strong>eodem</strong></span> <span class='ocrx_word' id='word_1_67' title='bbox 1821 518 1949 553; x_wconf 88' lang='lat' dir='ltr'><strong>iudicio</strong></span> 
     </span>
    </p>
   </div>
   <div class='ocr_carea' id='block_1_10' title="bbox 49 567 996 619">
    <p class='ocr_par' dir='ltr' id='par_1_10' title="bbox 43 567 996 627">
     <span class='ocr_line' id='line_1_18' title="bbox 49 567 996 619; baseline -0.002 -9.013"><span class='ocrx_word' id='word_1_68' title='bbox 49 567 81 610; x_wconf 53' lang='lat'><strong>&#39;⁴5</strong></span> <span class='ocrx_word' id='word_1_69' title='bbox 109 577 313 619; x_wconf 80' lang='lat' dir='ltr'><strong>‘puniatur,</strong></span> <span class='ocrx_word' id='word_1_70' title='bbox 336 577 411 610; x_wconf 84' lang='lat' dir='ltr'><strong>siue</strong></span> <span class='ocrx_word' id='word_1_71' title='bbox 435 577 585 610; x_wconf 90' lang='lat' dir='ltr'><strong>clericus</strong></span> <span class='ocrx_word' id='word_1_72' title='bbox 607 577 680 609; x_wconf 87' lang='lat' dir='ltr'><strong>siue</strong></span> <span class='ocrx_word' id='word_1_73' title='bbox 701 577 822 619; x_wconf 82' lang='lat' dir='ltr'><strong>laycus</strong></span> <span class='ocrx_word' id='word_1_74' title='bbox 844 576 951 608; x_wconf 78' lang='lat' dir='ltr'><strong>fuerit</strong></span> <span class='ocrx_word' id='word_1_75' title='bbox 964 599 996 615; x_wconf 91' lang='lat'><strong>„.</strong></span> 
     </span>
    </p>
   </div>
   <div class='ocr_carea' id='block_1_11' title="bbox 102 627 1947 830">
    <p class='ocr_par' dir='ltr' id='par_1_11' title="bbox 102 627 1947 725">
     <span class='ocr_line' id='line_1_19' title="bbox 190 627 1947 673; baseline -0.002 -10"><span class='ocrx_word' id='word_1_76' title='bbox 190 630 271 673; x_wconf 90' lang='lat' dir='ltr'><strong>Ipso</strong></span> <span class='ocrx_word' id='word_1_77' title='bbox 294 640 413 663; x_wconf 89' lang='lat' dir='ltr'><strong>mense</strong></span> <span class='ocrx_word' id='word_1_78' title='bbox 436 630 526 663; x_wconf 87' lang='lat' dir='ltr'><strong>Iunii</strong></span> <span class='ocrx_word' id='word_1_79' title='bbox 549 629 859 673; x_wconf 83' lang='lat' dir='ltr'><strong>Sanctagathensis</strong></span> <span class='ocrx_word' id='word_1_80' title='bbox 882 634 917 662; x_wconf 92' lang='lat' dir='ltr'><strong>et</strong></span> <span class='ocrx_word' id='word_1_81' title='bbox 939 629 1121 662; x_wconf 86' lang='lat' dir='ltr'><strong>Caluensis</strong></span> <span class='ocrx_word' id='word_1_82' title='bbox 1144 628 1302 671; x_wconf 83' lang='lat' dir='ltr'><strong>episcopi</strong></span> <span class='ocrx_word' id='word_1_83' title='bbox 1323 627 1473 660; x_wconf 82' lang='lat' dir='ltr'><strong>Romam</strong></span> <span class='ocrx_word' id='word_1_84' title='bbox 1496 627 1640 666; x_wconf 90' lang='lat' dir='ltr'><strong>uadunt,</strong></span> <span class='ocrx_word' id='word_1_85' title='bbox 1663 627 1757 660; x_wconf 84' lang='lat' dir='ltr'><strong>missi</strong></span> <span class='ocrx_word' id='word_1_86' title='bbox 1774 627 1817 660; x_wconf 86' lang='lat' dir='ltr'><strong>ab</strong></span> <span class='ocrx_word' id='word_1_87' title='bbox 1833 627 1947 670; x_wconf 88' lang='lat' dir='ltr'><strong>Impe-</strong></span> 
     </span>
     <span class='ocr_line' id='line_1_20' title="bbox 102 681 1587 725; baseline -0.003 -8"><span class='ocrx_word' id='word_1_88' title='bbox 102 689 215 717; x_wconf 84' lang='lat' dir='ltr'><strong>ratore</strong></span> <span class='ocrx_word' id='word_1_89' title='bbox 237 684 285 716; x_wconf 89' lang='lat' dir='ltr'><strong>ad</strong></span> <span class='ocrx_word' id='word_1_90' title='bbox 307 684 521 721; x_wconf 70' lang='lat' dir='ltr'><strong>cardinales:</strong></span> <span class='ocrx_word' id='word_1_91' title='bbox 545 689 598 716; x_wconf 89' lang='lat' dir='ltr'><strong>set</strong></span> <span class='ocrx_word' id='word_1_92' title='bbox 620 693 641 715; x_wconf 88' lang='lat' dir='ltr'><strong>a</strong></span> <span class='ocrx_word' id='word_1_93' title='bbox 663 693 753 725; x_wconf 88' lang='lat' dir='ltr'><strong>papa</strong></span> <span class='ocrx_word' id='word_1_94' title='bbox 774 682 906 725; x_wconf 90' lang='lat' dir='ltr'><strong>repulsi</strong></span> <span class='ocrx_word' id='word_1_95' title='bbox 928 683 964 714; x_wconf 90' lang='lat' dir='ltr'><strong>in</strong></span> <span class='ocrx_word' id='word_1_96' title='bbox 987 682 1152 725; x_wconf 86' lang='lat' dir='ltr'><strong>Regnum</strong></span> <span class='ocrx_word' id='word_1_97' title='bbox 1175 682 1249 714; x_wconf 83' lang='lat' dir='ltr'><strong>sine</strong></span> <span class='ocrx_word' id='word_1_98' title='bbox 1272 681 1405 714; x_wconf 77' lang='lat' dir='ltr'><strong>effectu</strong></span> <span class='ocrx_word' id='word_1_99' title='bbox 1427 681 1587 713; x_wconf 79' lang='lat' dir='ltr'><strong>redeunt.</strong></span> 
     </span>
    </p>

    <p class='ocr_par' dir='ltr' id='par_1_12' title="bbox 193 733 1946 779">
     <span class='ocr_line' id='line_1_21' title="bbox 193 733 1946 779; baseline -0.001 -10"><span class='ocrx_word' id='word_1_100' title='bbox 193 735 326 770; x_wconf 88' lang='lat' dir='ltr'><strong>Ciuitas</strong></span> <span class='ocrx_word' id='word_1_101' title='bbox 347 737 503 770; x_wconf 87' lang='lat' dir='ltr'><strong>Teruisii</strong></span> <span class='ocrx_word' id='word_1_102' title='bbox 519 747 583 779; x_wconf 91' lang='lat' dir='ltr'><strong>per</strong></span> <span class='ocrx_word' id='word_1_103' title='bbox 597 735 800 769; x_wconf 89' lang='lat' dir='ltr'><strong>Albericum</strong></span> <span class='ocrx_word' id='word_1_104' title='bbox 818 735 862 768; x_wconf 89' lang='lat' dir='ltr'><strong>de</strong></span> <span class='ocrx_word' id='word_1_105' title='bbox 879 736 1053 773; x_wconf 86' lang='lat' dir='ltr'><strong>Romano,</strong></span> <span class='ocrx_word' id='word_1_106' title='bbox 1071 740 1105 768; x_wconf 89' lang='lat' dir='ltr'><strong>et</strong></span> <span class='ocrx_word' id='word_1_107' title='bbox 1121 735 1304 768; x_wconf 89' lang='lat' dir='ltr'><strong>Ezolinum</strong></span> <span class='ocrx_word' id='word_1_108' title='bbox 1320 733 1364 766; x_wconf 92' lang='lat' dir='ltr'><strong>de</strong></span> <span class='ocrx_word' id='word_1_109' title='bbox 1380 734 1526 767; x_wconf 86' lang='lat' dir='ltr'><strong>Camino</strong></span> <span class='ocrx_word' id='word_1_110' title='bbox 1542 734 1690 766; x_wconf 86' lang='lat' dir='ltr'><strong>rebellat</strong></span> <span class='ocrx_word' id='word_1_111' title='bbox 1705 734 1912 777; x_wconf 85' lang='lat' dir='ltr'><strong>Imperatori</strong></span> <span class='ocrx_word' id='word_1_112' title='bbox 1926 736 1946 767; x_wconf 91' lang='lat'><strong>¹.</strong></span> 
     </span>
    </p>

    <p class='ocr_par' dir='ltr' id='par_1_13' title="bbox 195 787 1946 830">
     <span class='ocr_line' id='line_1_22' title="bbox 195 787 1946 830; baseline -0.002 -7"><span class='ocrx_word' id='word_1_113' title='bbox 195 791 330 823; x_wconf 88' lang='lat' dir='ltr'><strong>Eodem</strong></span> <span class='ocrx_word' id='word_1_114' title='bbox 354 800 472 823; x_wconf 88' lang='lat' dir='ltr'><strong>mense</strong></span> <span class='ocrx_word' id='word_1_115' title='bbox 494 789 583 822; x_wconf 89' lang='lat' dir='ltr'><strong>Iunii</strong></span> <span class='ocrx_word' id='word_1_116' title='bbox 605 790 732 822; x_wconf 89' lang='lat' dir='ltr'><strong>iterum</strong></span> <span class='ocrx_word' id='word_1_117' title='bbox 755 788 815 821; x_wconf 87' lang='lat' dir='ltr'><strong>alii</strong></span> <span class='ocrx_word' id='word_1_118' title='bbox 839 789 899 830; x_wconf 93' lang='lat' dir='ltr'><strong>qui</strong></span> <span class='ocrx_word' id='word_1_119' title='bbox 922 794 1160 821; x_wconf 78' lang='lat' dir='ltr'><strong>remanserant</strong></span> <span class='ocrx_word' id='word_1_120' title='bbox 1182 788 1345 821; x_wconf 89' lang='lat' dir='ltr'><strong>monachi</strong></span> <span class='ocrx_word' id='word_1_121' title='bbox 1375 789 1419 820; x_wconf 89' lang='lat' dir='ltr'><strong>de</strong></span> <span class='ocrx_word' id='word_1_122' title='bbox 1450 787 1660 820; x_wconf 87' lang='lat' dir='ltr'><strong>monasterio</strong></span> <span class='ocrx_word' id='word_1_123' title='bbox 1691 788 1946 826; x_wconf 88' lang='lat' dir='ltr'><strong>excluduntur;</strong></span> 
     </span>
    </p>
   </div>
   <div class='ocr_carea' id='block_1_12' title="bbox 104 895 664 930">
    <p class='ocr_par' dir='ltr' id='par_1_14' title="bbox 104 895 664 930">
     <span class='ocr_line' id='line_1_23' title="bbox 104 895 664 930; baseline -0.002 -1"><span class='ocrx_word' id='word_1_124' title='bbox 104 897 141 929; x_wconf 88' lang='lat' dir='ltr'><strong>in</strong></span> <span class='ocrx_word' id='word_1_125' title='bbox 164 897 374 930; x_wconf 78' lang='lat' dir='ltr'><strong>monasterio</strong></span> <span class='ocrx_word' id='word_1_126' title='bbox 397 895 664 930; x_wconf 83' lang='lat' dir='ltr'><strong>remanentibus.</strong></span> 
     </span>
    </p>
   </div>
   <div class='ocr_carea' id='block_1_13' title="bbox 102 840 1947 887">
    <p class='ocr_par' dir='ltr' id='par_1_15' title="bbox 36 840 1947 887">
     <span class='ocr_line' id='line_1_24' title="bbox 102 840 1947 887; baseline -0.002 -11.104"><span class='ocrx_word' id='word_1_127' title='bbox 102 842 226 887; x_wconf 86' lang='lat' dir='ltr'><strong>quibus</strong></span> <span class='ocrx_word' id='word_1_128' title='bbox 249 843 350 876; x_wconf 88' lang='lat' dir='ltr'><strong>simul</strong></span> <span class='ocrx_word' id='word_1_129' title='bbox 373 853 452 876; x_wconf 89' lang='lat' dir='ltr'><strong>cum</strong></span> <span class='ocrx_word' id='word_1_130' title='bbox 474 842 594 885; x_wconf 87' lang='lat' dir='ltr'><strong>primis</strong></span> <span class='ocrx_word' id='word_1_131' title='bbox 616 842 765 875; x_wconf 82' lang='lat' dir='ltr'><strong>exclusis</strong></span> <span class='ocrx_word' id='word_1_132' title='bbox 788 841 914 874; x_wconf 89' lang='lat' dir='ltr'><strong>morari</strong></span> <span class='ocrx_word' id='word_1_133' title='bbox 937 847 1022 884; x_wconf 89' lang='lat' dir='ltr'><strong>aput</strong></span> <span class='ocrx_word' id='word_1_134' title='bbox 1051 840 1263 874; x_wconf 89' lang='lat' dir='ltr'><strong>Uallemluci</strong></span> <span class='ocrx_word' id='word_1_135' title='bbox 1295 841 1473 883; x_wconf 90' lang='lat' dir='ltr'><strong>prouisum</strong></span> <span class='ocrx_word' id='word_1_136' title='bbox 1505 846 1557 873; x_wconf 87' lang='lat' dir='ltr'><strong>est</strong></span> <span class='ocrx_word' id='word_1_137' title='bbox 1568 840 1591 879; x_wconf 86' lang='lat'><strong>¹,</strong></span> <span class='ocrx_word' id='word_1_138' title='bbox 1615 841 1736 883; x_wconf 83' lang='lat' dir='ltr'><strong>paucis</strong></span> <span class='ocrx_word' id='word_1_139' title='bbox 1759 840 1947 874; x_wconf 87' lang='lat' dir='ltr'><strong>admodum</strong></span> 
     </span>
    </p>
   </div>
   <div class='ocr_carea' id='block_1_14' title="bbox 101 947 1947 1260">
    <p class='ocr_par' dir='ltr' id='par_1_16' title="bbox 101 947 1947 1098">
     <span class='ocr_line' id='line_1_25' title="bbox 189 947 1947 991; baseline -0.001 -8"><span class='ocrx_word' id='word_1_140' title='bbox 189 950 312 983; x_wconf 86' lang='lat' dir='ltr'><strong>Mense</strong></span> <span class='ocrx_word' id='word_1_141' title='bbox 335 950 414 983; x_wconf 89' lang='lat' dir='ltr'><strong>Iulii</strong></span> <span class='ocrx_word' id='word_1_142' title='bbox 437 950 609 982; x_wconf 87' lang='lat' dir='ltr'><strong>Rauenna</strong></span> <span class='ocrx_word' id='word_1_143' title='bbox 630 948 777 982; x_wconf 86' lang='lat' dir='ltr'><strong>rebellat</strong></span> <span class='ocrx_word' id='word_1_144' title='bbox 800 948 1016 990; x_wconf 85' lang='lat' dir='ltr'><strong>Imperatori,</strong></span> <span class='ocrx_word' id='word_1_145' title='bbox 1038 958 1141 991; x_wconf 82' lang='lat' dir='ltr'><strong>quam</strong></span> <span class='ocrx_word' id='word_1_146' title='bbox 1164 947 1293 980; x_wconf 87' lang='lat' dir='ltr'><strong>Ueneti</strong></span> <span class='ocrx_word' id='word_1_147' title='bbox 1307 947 1483 989; x_wconf 89' lang='lat' dir='ltr'><strong>recipiunt</strong></span> <span class='ocrx_word' id='word_1_148' title='bbox 1499 953 1534 980; x_wconf 88' lang='lat' dir='ltr'><strong>et</strong></span> <span class='ocrx_word' id='word_1_149' title='bbox 1549 953 1689 980; x_wconf 89' lang='lat' dir='ltr'><strong>tuentur</strong></span> <span class='ocrx_word' id='word_1_150' title='bbox 1701 947 1724 980; x_wconf 81' lang='lat'><strong>³.</strong></span> <span class='ocrx_word' id='word_1_151' title='bbox 1760 949 1813 981; x_wconf 91' lang='lat' dir='ltr'><strong>Eo</strong></span> <span class='ocrx_word' id='word_1_152' title='bbox 1829 959 1947 981; x_wconf 90' lang='lat' dir='ltr'><strong>mense</strong></span> 
     </span>
     <span class='ocr_line' id='line_1_26' title="bbox 101 1000 1947 1044; baseline -0.001 -8"><span class='ocrx_word' id='word_1_153' title='bbox 101 1003 260 1036; x_wconf 84' lang='lat' dir='ltr'><strong>homines</strong></span> <span class='ocrx_word' id='word_1_154' title='bbox 281 1010 374 1037; x_wconf 88' lang='lat' dir='ltr'><strong>terre</strong></span> <span class='ocrx_word' id='word_1_155' title='bbox 397 1002 595 1035; x_wconf 84' lang='lat' dir='ltr'><strong>monasterii</strong></span> <span class='ocrx_word' id='word_1_156' title='bbox 617 1002 806 1035; x_wconf 85' lang='lat' dir='ltr'><strong>mandante</strong></span> <span class='ocrx_word' id='word_1_157' title='bbox 829 1001 1055 1044; x_wconf 88' lang='lat' dir='ltr'><strong>Imperatore,</strong></span> <span class='ocrx_word' id='word_1_158' title='bbox 1080 1000 1215 1034; x_wconf 85' lang='lat' dir='ltr'><strong>absenti</strong></span> <span class='ocrx_word' id='word_1_159' title='bbox 1237 1000 1439 1033; x_wconf 88' lang='lat' dir='ltr'><strong>Casinensis</strong></span> <span class='ocrx_word' id='word_1_160' title='bbox 1462 1000 1591 1038; x_wconf 87' lang='lat' dir='ltr'><strong>abbati,</strong></span> <span class='ocrx_word' id='word_1_161' title='bbox 1614 1007 1647 1033; x_wconf 89' lang='lat' dir='ltr'><strong>et</strong></span> <span class='ocrx_word' id='word_1_162' title='bbox 1677 1011 1794 1034; x_wconf 89' lang='lat' dir='ltr'><strong>secum</strong></span> <span class='ocrx_word' id='word_1_163' title='bbox 1818 1002 1855 1033; x_wconf 86' lang='lat' dir='ltr'><strong>in</strong></span> <span class='ocrx_word' id='word_1_164' title='bbox 1885 1013 1947 1035; x_wconf 88' lang='lat' dir='ltr'><strong>suo</strong></span> 
     </span>
     <span class='ocr_line' id='line_1_27' title="bbox 107 1053 1458 1098; baseline -0.003 -8"><span class='ocrx_word' id='word_1_165' title='bbox 107 1057 249 1090; x_wconf 78' lang='lat' dir='ltr'><strong>seruitio</strong></span> <span class='ocrx_word' id='word_1_166' title='bbox 273 1056 502 1090; x_wconf 86' lang='lat' dir='ltr'><strong>commoranti</strong></span> <span class='ocrx_word' id='word_1_167' title='bbox 524 1066 589 1098; x_wconf 89' lang='lat' dir='ltr'><strong>per</strong></span> <span class='ocrx_word' id='word_1_168' title='bbox 611 1060 866 1088; x_wconf 87' lang='lat' dir='ltr'><strong>sacramentum</strong></span> <span class='ocrx_word' id='word_1_169' title='bbox 890 1054 995 1087; x_wconf 91' lang='lat' dir='ltr'><strong>uitam</strong></span> <span class='ocrx_word' id='word_1_170' title='bbox 1020 1059 1224 1087; x_wconf 84' lang='lat' dir='ltr'><strong>assecurant</strong></span> <span class='ocrx_word' id='word_1_171' title='bbox 1247 1060 1282 1086; x_wconf 91' lang='lat' dir='ltr'><strong>et</strong></span> <span class='ocrx_word' id='word_1_172' title='bbox 1303 1053 1458 1086; x_wconf 87' lang='lat' dir='ltr'><strong>menbra.</strong></span> 
     </span>
    </p>

    <p class='ocr_par' dir='ltr' id='par_1_17' title="bbox 194 1107 1064 1154">
     <span class='ocr_line' id='line_1_28' title="bbox 194 1107 1064 1154; baseline -0.003 -11"><span class='ocrx_word' id='word_1_173' title='bbox 194 1110 384 1154; x_wconf 85' lang='lat' dir='ltr'><strong>Gregorius</strong></span> <span class='ocrx_word' id='word_1_174' title='bbox 406 1120 499 1152; x_wconf 86' lang='lat' dir='ltr'><strong>papa</strong></span> <span class='ocrx_word' id='word_1_175' title='bbox 521 1109 567 1142; x_wconf 87' lang='lat' dir='ltr'><strong>de</strong></span> <span class='ocrx_word' id='word_1_176' title='bbox 590 1108 687 1142; x_wconf 90' lang='lat' dir='ltr'><strong>Urbe</strong></span> <span class='ocrx_word' id='word_1_177' title='bbox 712 1108 809 1141; x_wconf 87' lang='lat' dir='ltr'><strong>uenit</strong></span> <span class='ocrx_word' id='word_1_178' title='bbox 830 1107 1030 1152; x_wconf 86' lang='lat' dir='ltr'><strong>Anagniam</strong></span> <span class='ocrx_word' id='word_1_179' title='bbox 1041 1107 1064 1140; x_wconf 88' lang='lat'><strong>⁴.</strong></span> 
     </span>
    </p>

    <p class='ocr_par' dir='ltr' id='par_1_18' title="bbox 101 1160 1947 1260">
     <span class='ocr_line' id='line_1_29' title="bbox 189 1160 1945 1206; baseline -0.001 -10"><span class='ocrx_word' id='word_1_180' title='bbox 189 1163 381 1205; x_wconf 88' lang='lat' dir='ltr'><strong>Imperator</strong></span> <span class='ocrx_word' id='word_1_181' title='bbox 404 1163 448 1196; x_wconf 87' lang='lat' dir='ltr'><strong>de</strong></span> <span class='ocrx_word' id='word_1_182' title='bbox 481 1162 592 1206; x_wconf 88' lang='lat' dir='ltr'><strong>gratia</strong></span> <span class='ocrx_word' id='word_1_183' title='bbox 616 1161 790 1195; x_wconf 87' lang='lat' dir='ltr'><strong>concessit</strong></span> <span class='ocrx_word' id='word_1_184' title='bbox 820 1161 915 1195; x_wconf 91' lang='lat' dir='ltr'><strong>dicto</strong></span> <span class='ocrx_word' id='word_1_185' title='bbox 945 1161 1128 1195; x_wconf 88' lang='lat' dir='ltr'><strong>Casinensi</strong></span> <span class='ocrx_word' id='word_1_186' title='bbox 1156 1160 1285 1200; x_wconf 80' lang='lat' dir='ltr'><strong>abbati,</strong></span> <span class='ocrx_word' id='word_1_187' title='bbox 1316 1167 1354 1193; x_wconf 89' lang='lat' dir='ltr'><strong>ut</strong></span> <span class='ocrx_word' id='word_1_188' title='bbox 1383 1166 1452 1193; x_wconf 88' lang='lat' dir='ltr'><strong>tam</strong></span> <span class='ocrx_word' id='word_1_189' title='bbox 1483 1161 1727 1194; x_wconf 84' lang='lat' dir='ltr'><strong>monasterium</strong></span> <span class='ocrx_word' id='word_1_190' title='bbox 1757 1162 1945 1194; x_wconf 88' lang='lat' dir='ltr'><strong>Casinense</strong></span> 
     </span>
     <span class='ocr_line' id='line_1_30' title="bbox 101 1214 1947 1260; baseline 0 -11"><span class='ocrx_word' id='word_1_191' title='bbox 101 1226 205 1260; x_wconf 85' lang='lat' dir='ltr'><strong>quam</strong></span> <span class='ocrx_word' id='word_1_192' title='bbox 229 1226 348 1249; x_wconf 87' lang='lat' dir='ltr'><strong>omnes</strong></span> <span class='ocrx_word' id='word_1_193' title='bbox 370 1215 532 1249; x_wconf 88' lang='lat' dir='ltr'><strong>monachi</strong></span> <span class='ocrx_word' id='word_1_194' title='bbox 555 1221 592 1249; x_wconf 89' lang='lat' dir='ltr'><strong>et</strong></span> <span class='ocrx_word' id='word_1_195' title='bbox 613 1215 702 1249; x_wconf 89' lang='lat' dir='ltr'><strong>celle</strong></span> <span class='ocrx_word' id='word_1_196' title='bbox 720 1215 794 1248; x_wconf 88' lang='lat' dir='ltr'><strong>eius</strong></span> <span class='ocrx_word' id='word_1_197' title='bbox 810 1225 830 1248; x_wconf 86' lang='lat' dir='ltr'><strong>a</strong></span> <span class='ocrx_word' id='word_1_198' title='bbox 845 1215 1014 1258; x_wconf 87' lang='lat' dir='ltr'><strong>generali,</strong></span> <span class='ocrx_word' id='word_1_199' title='bbox 1030 1215 1125 1258; x_wconf 90' lang='lat' dir='ltr'><strong>quod</strong></span> <span class='ocrx_word' id='word_1_200' title='bbox 1142 1214 1185 1247; x_wconf 92' lang='lat' dir='ltr'><strong>ab</strong></span> <span class='ocrx_word' id='word_1_201' title='bbox 1201 1214 1278 1247; x_wconf 80' lang='lat' dir='ltr'><strong>aliis</strong></span> <span class='ocrx_word' id='word_1_202' title='bbox 1294 1214 1442 1258; x_wconf 86' lang='lat' dir='ltr'><strong>exigitur</strong></span> <span class='ocrx_word' id='word_1_203' title='bbox 1457 1214 1616 1248; x_wconf 83' lang='lat' dir='ltr'><strong>ecclesiis</strong></span> <span class='ocrx_word' id='word_1_204' title='bbox 1631 1214 1760 1258; x_wconf 88' lang='lat' dir='ltr'><strong>Regni,</strong></span> <span class='ocrx_word' id='word_1_205' title='bbox 1776 1215 1947 1249; x_wconf 88' lang='lat' dir='ltr'><strong>adiutorio</strong></span> 
     </span>
    </p>
   </div>
   <div class='ocr_carea' id='block_1_15' title="bbox 105 1270 422 1302">
    <p class='ocr_par' dir='ltr' id='par_1_19' title="bbox 105 1270 422 1302">
     <span class='ocr_line' id='line_1_31' title="bbox 105 1270 422 1302; baseline 0 0"><span class='ocrx_word' id='word_1_206' title='bbox 105 1275 221 1302; x_wconf 87' lang='lat' dir='ltr'><strong>essent</strong></span> <span class='ocrx_word' id='word_1_207' title='bbox 243 1270 422 1302; x_wconf 85' lang='lat' dir='ltr'><strong>immunes.</strong></span> 
     </span>
    </p>
   </div>
   <div class='ocr_carea' id='block_1_16' title="bbox 192 1321 1946 1366">
    <p class='ocr_par' dir='ltr' id='par_1_20' title="bbox 192 1321 1946 1366">
     <span class='ocr_line' id='line_1_32' title="bbox 192 1321 1946 1366; baseline -0.001 -10"><span class='ocrx_word' id='word_1_208' title='bbox 192 1323 327 1356; x_wconf 88' lang='lat' dir='ltr'><strong>Eodem</strong></span> <span class='ocrx_word' id='word_1_209' title='bbox 350 1332 467 1356; x_wconf 87' lang='lat' dir='ltr'><strong>mense</strong></span> <span class='ocrx_word' id='word_1_210' title='bbox 490 1322 569 1355; x_wconf 93' lang='lat' dir='ltr'><strong>Iulii</strong></span> <span class='ocrx_word' id='word_1_211' title='bbox 594 1323 696 1355; x_wconf 79' lang='lat' dir='ltr'><strong>tertia</strong></span> <span class='ocrx_word' id='word_1_212' title='bbox 722 1322 760 1355; x_wconf 84' lang='lat' dir='ltr'><strong>iit</strong></span> <span class='ocrx_word' id='word_1_213' title='bbox 790 1321 949 1355; x_wconf 85' lang='lat' dir='ltr'><strong>exclusio</strong></span> <span class='ocrx_word' id='word_1_214' title='bbox 979 1322 1229 1355; x_wconf 88' lang='lat' dir='ltr'><strong>monachorum</strong></span> <span class='ocrx_word' id='word_1_215' title='bbox 1261 1321 1305 1355; x_wconf 90' lang='lat' dir='ltr'><strong>de</strong></span> <span class='ocrx_word' id='word_1_216' title='bbox 1336 1321 1547 1354; x_wconf 82' lang='lat' dir='ltr'><strong>monasterio</strong></span> <span class='ocrx_word' id='word_1_217' title='bbox 1577 1321 1768 1364; x_wconf 89' lang='lat' dir='ltr'><strong>Casinensi,</strong></span> <span class='ocrx_word' id='word_1_218' title='bbox 1801 1333 1946 1366; x_wconf 88' lang='lat' dir='ltr'><strong>quorum</strong></span> 
     </span>
    </p>
   </div>
   <div class='ocr_carea' id='block_1_17' title="bbox 25 1370 1947 1425">
    <p class='ocr_par' dir='ltr' id='par_1_21' title="bbox 25 1370 1947 1425">
     <span class='ocr_line' id='line_1_33' title="bbox 25 1370 1947 1425; baseline 0.001 -17"><span class='ocrx_word' id='word_1_219' title='bbox 25 1370 33 1425; x_wconf 38' lang='lat' dir='ltr'>J</span> <span class='ocrx_word' id='word_1_220' title='bbox 49 1382 72 1404; x_wconf 72' lang='lat' dir='ltr'><strong>v⁸</strong></span> <span class='ocrx_word' id='word_1_221' title='bbox 102 1376 242 1420; x_wconf 87' lang='lat' dir='ltr'><strong>quidam</strong></span> <span class='ocrx_word' id='word_1_222' title='bbox 265 1382 349 1419; x_wconf 90' lang='lat' dir='ltr'><strong>aput</strong></span> <span class='ocrx_word' id='word_1_223' title='bbox 371 1376 592 1414; x_wconf 87' lang='lat' dir='ltr'><strong>Uallemluci,</strong></span> <span class='ocrx_word' id='word_1_224' title='bbox 617 1375 761 1418; x_wconf 88' lang='lat' dir='ltr'><strong>quidam</strong></span> <span class='ocrx_word' id='word_1_225' title='bbox 783 1381 867 1419; x_wconf 89' lang='lat' dir='ltr'><strong>aput</strong></span> <span class='ocrx_word' id='word_1_226' title='bbox 889 1375 1057 1408; x_wconf 88' lang='lat' dir='ltr'><strong>Sanctum</strong></span> <span class='ocrx_word' id='word_1_227' title='bbox 1081 1375 1222 1408; x_wconf 87' lang='lat' dir='ltr'><strong>Petrum</strong></span> <span class='ocrx_word' id='word_1_228' title='bbox 1245 1374 1457 1416; x_wconf 86' lang='lat' dir='ltr'><strong>monasterii,</strong></span> <span class='ocrx_word' id='word_1_229' title='bbox 1473 1381 1508 1407; x_wconf 89' lang='lat' dir='ltr'><strong>et</strong></span> <span class='ocrx_word' id='word_1_230' title='bbox 1523 1375 1663 1418; x_wconf 83' lang='lat' dir='ltr'><strong>quidam</strong></span> <span class='ocrx_word' id='word_1_231' title='bbox 1680 1385 1810 1408; x_wconf 88' lang='lat' dir='ltr'><strong>moram</strong></span> <span class='ocrx_word' id='word_1_232' title='bbox 1826 1377 1947 1409; x_wconf 77' lang='lat' dir='ltr'><strong>facere</strong></span> 
     </span>
    </p>
   </div>
   <div class='ocr_carea' id='block_1_18' title="bbox 101 1427 1948 1633">
    <p class='ocr_par' dir='ltr' id='par_1_22' title="bbox 101 1427 1948 1633">
     <span class='ocr_line' id='line_1_34' title="bbox 102 1427 1946 1472; baseline 0 -10"><span class='ocrx_word' id='word_1_233' title='bbox 102 1430 139 1462; x_wconf 88' lang='lat' dir='ltr'><strong>in</strong></span> <span class='ocrx_word' id='word_1_234' title='bbox 160 1435 341 1472; x_wconf 87' lang='lat' dir='ltr'><strong>parentum</strong></span> <span class='ocrx_word' id='word_1_235' title='bbox 364 1429 523 1462; x_wconf 89' lang='lat' dir='ltr'><strong>domibus</strong></span> <span class='ocrx_word' id='word_1_236' title='bbox 545 1429 745 1472; x_wconf 82' lang='lat' dir='ltr'><strong>elegerunt3</strong></span> <span class='ocrx_word' id='word_1_237' title='bbox 770 1435 805 1462; x_wconf 89' lang='lat' dir='ltr'><strong>et</strong></span> <span class='ocrx_word' id='word_1_238' title='bbox 826 1429 864 1461; x_wconf 88' lang='lat' dir='ltr'><strong>in</strong></span> <span class='ocrx_word' id='word_1_239' title='bbox 885 1429 963 1472; x_wconf 88' lang='lat' dir='ltr'><strong>ipso</strong></span> <span class='ocrx_word' id='word_1_240' title='bbox 986 1429 1197 1461; x_wconf 88' lang='lat' dir='ltr'><strong>monasterio</strong></span> <span class='ocrx_word' id='word_1_241' title='bbox 1220 1438 1290 1461; x_wconf 90' lang='lat' dir='ltr'><strong>non</strong></span> <span class='ocrx_word' id='word_1_242' title='bbox 1313 1427 1378 1460; x_wconf 88' lang='lat' dir='ltr'><strong>nisi</strong></span> <span class='ocrx_word' id='word_1_243' title='bbox 1401 1433 1482 1461; x_wconf 91' lang='lat' dir='ltr'><strong>octo</strong></span> <span class='ocrx_word' id='word_1_244' title='bbox 1505 1434 1636 1461; x_wconf 90' lang='lat' dir='ltr'><strong>tantum</strong></span> <span class='ocrx_word' id='word_1_245' title='bbox 1651 1429 1813 1462; x_wconf 89' lang='lat' dir='ltr'><strong>monachi</strong></span> <span class='ocrx_word' id='word_1_246' title='bbox 1827 1430 1872 1462; x_wconf 88' lang='lat' dir='ltr'><strong>ad</strong></span> <span class='ocrx_word' id='word_1_247' title='bbox 1890 1440 1946 1462; x_wconf 89' lang='lat' dir='ltr'><strong>ce-</strong></span> 
     </span>
     <span class='ocr_line' id='line_1_35' title="bbox 103 1481 1946 1526; baseline 0 -10"><span class='ocrx_word' id='word_1_248' title='bbox 103 1482 306 1516; x_wconf 87' lang='lat' dir='ltr'><strong>lebrandum</strong></span> <span class='ocrx_word' id='word_1_249' title='bbox 329 1483 365 1515; x_wconf 90' lang='lat' dir='ltr'><strong>in</strong></span> <span class='ocrx_word' id='word_1_250' title='bbox 387 1493 430 1515; x_wconf 91' lang='lat' dir='ltr'><strong>eo</strong></span> <span class='ocrx_word' id='word_1_251' title='bbox 453 1482 572 1515; x_wconf 86' lang='lat' dir='ltr'><strong>diuina</strong></span> <span class='ocrx_word' id='word_1_252' title='bbox 595 1482 709 1515; x_wconf 85' lang='lat' dir='ltr'><strong>officia</strong></span> <span class='ocrx_word' id='word_1_253' title='bbox 731 1488 979 1521; x_wconf 89' lang='lat' dir='ltr'><strong>remanserunt,</strong></span> <span class='ocrx_word' id='word_1_254' title='bbox 1003 1492 1148 1525; x_wconf 89' lang='lat' dir='ltr'><strong>quorum</strong></span> <span class='ocrx_word' id='word_1_255' title='bbox 1164 1481 1303 1514; x_wconf 86' lang='lat' dir='ltr'><strong>nomina</strong></span> <span class='ocrx_word' id='word_1_256' title='bbox 1325 1486 1404 1514; x_wconf 89' lang='lat' dir='ltr'><strong>sunt</strong></span> <span class='ocrx_word' id='word_1_257' title='bbox 1427 1481 1511 1514; x_wconf 90' lang='lat' dir='ltr'><strong>hec:</strong></span> <span class='ocrx_word' id='word_1_258' title='bbox 1537 1482 1645 1515; x_wconf 79' lang='lat' dir='ltr'><strong>frater</strong></span> <span class='ocrx_word' id='word_1_259' title='bbox 1668 1481 1878 1526; x_wconf 86' lang='lat' dir='ltr'><strong>Ryccardus</strong></span> <span class='ocrx_word' id='word_1_260' title='bbox 1901 1484 1946 1516; x_wconf 88' lang='lat' dir='ltr'><strong>de</strong></span> 
     </span>
     <span class='ocr_line' id='line_1_36' title="bbox 103 1534 1948 1579; baseline 0.001 -11"><span class='ocrx_word' id='word_1_261' title='bbox 103 1535 243 1579; x_wconf 86' lang='lat' dir='ltr'><strong>Septem</strong></span> <span class='ocrx_word' id='word_1_262' title='bbox 265 1536 429 1569; x_wconf 73' lang='lat' dir='ltr'><strong>fratribus</strong></span> <span class='ocrx_word' id='word_1_263' title='bbox 444 1536 680 1569; x_wconf 82' lang='lat' dir='ltr'><strong>uicedecanus</strong></span> <span class='ocrx_word' id='word_1_264' title='bbox 692 1538 704 1556; x_wconf 80' lang='lat'>⁵</span> <span class='ocrx_word' id='word_1_265' title='bbox 726 1536 835 1568; x_wconf 81' lang='lat' dir='ltr'><strong>frater</strong></span> <span class='ocrx_word' id='word_1_266' title='bbox 851 1536 1077 1569; x_wconf 89' lang='lat' dir='ltr'><strong>Seniorectus</strong></span> <span class='ocrx_word' id='word_1_267' title='bbox 1086 1538 1109 1574; x_wconf 84' lang='lat'><strong>⁶,</strong></span> <span class='ocrx_word' id='word_1_268' title='bbox 1126 1537 1237 1568; x_wconf 76' lang='lat' dir='ltr'><strong>frater</strong></span> <span class='ocrx_word' id='word_1_269' title='bbox 1252 1535 1430 1568; x_wconf 84' lang='lat' dir='ltr'><strong>Robertus</strong></span> <span class='ocrx_word' id='word_1_270' title='bbox 1446 1534 1492 1567; x_wconf 90' lang='lat' dir='ltr'><strong>de</strong></span> <span class='ocrx_word' id='word_1_271' title='bbox 1516 1535 1585 1568; x_wconf 87' lang='lat' dir='ltr'><strong>Ota</strong></span> <span class='ocrx_word' id='word_1_272' title='bbox 1597 1534 1620 1575; x_wconf 84' lang='lat'><strong>⁷,</strong></span> <span class='ocrx_word' id='word_1_273' title='bbox 1642 1536 1753 1569; x_wconf 78' lang='lat' dir='ltr'><strong>trater</strong></span> <span class='ocrx_word' id='word_1_274' title='bbox 1775 1536 1948 1570; x_wconf 87' lang='lat' dir='ltr'><strong>Iohannes</strong></span> 
     </span>
     <span class='ocr_line' id='line_1_37' title="bbox 101 1583 1946 1633; baseline 0.001 -10"><span class='ocrx_word' id='word_1_275' title='bbox 101 1583 265 1628; x_wconf 78' lang='lat' dir='ltr'><strong>Cazolus,</strong></span> <span class='ocrx_word' id='word_1_276' title='bbox 282 1589 411 1622; x_wconf 77' lang='lat' dir='ltr'><strong>fratrer</strong></span> <span class='ocrx_word' id='word_1_277' title='bbox 433 1589 638 1623; x_wconf 86' lang='lat' dir='ltr'><strong>Guillelmus</strong></span> <span class='ocrx_word' id='word_1_278' title='bbox 661 1589 706 1622; x_wconf 91' lang='lat' dir='ltr'><strong>de</strong></span> <span class='ocrx_word' id='word_1_279' title='bbox 729 1588 930 1633; x_wconf 85' lang='lat' dir='ltr'><strong>Pignataro‚</strong></span> <span class='ocrx_word' id='word_1_280' title='bbox 952 1590 1063 1622; x_wconf 76' lang='lat' dir='ltr'><strong>frater</strong></span> <span class='ocrx_word' id='word_1_281' title='bbox 1084 1589 1259 1622; x_wconf 86' lang='lat' dir='ltr'><strong>Iohannes</strong></span> <span class='ocrx_word' id='word_1_282' title='bbox 1282 1590 1327 1622; x_wconf 93' lang='lat' dir='ltr'><strong>de</strong></span> <span class='ocrx_word' id='word_1_283' title='bbox 1350 1588 1512 1622; x_wconf 88' lang='lat' dir='ltr'><strong>Marocta</strong></span> <span class='ocrx_word' id='word_1_284' title='bbox 1533 1594 1568 1621; x_wconf 90' lang='lat' dir='ltr'><strong>et</strong></span> <span class='ocrx_word' id='word_1_285' title='bbox 1584 1589 1694 1622; x_wconf 74' lang='lat' dir='ltr'><strong>frater</strong></span> <span class='ocrx_word' id='word_1_286' title='bbox 1707 1589 1885 1623; x_wconf 89' lang='lat' dir='ltr'><strong>Mattheus</strong></span> <span class='ocrx_word' id='word_1_287' title='bbox 1901 1591 1946 1624; x_wconf 87' lang='lat' dir='ltr'><strong>de</strong></span> 
     </span>
    </p>
   </div>
   <div class='ocr_carea' id='block_1_19' title="bbox 37 1642 272 1677">
    <p class='ocr_par' dir='ltr' id='par_1_23' title="bbox 37 1642 272 1677">
     <span class='ocr_line' id='line_1_38' title="bbox 37 1642 272 1677; baseline -0.009 0"><span class='ocrx_word' id='word_1_288' title='bbox 37 1642 80 1677; x_wconf 81' lang='lat'><strong>25</strong></span> <span class='ocrx_word' id='word_1_289' title='bbox 103 1643 272 1676; x_wconf 89' lang='lat' dir='ltr'><strong>Miniano.</strong></span> 
     </span>
    </p>
   </div>
   <div class='ocr_carea' id='block_1_20' title="bbox 191 1696 885 1739">
    <p class='ocr_par' dir='ltr' id='par_1_24' title="bbox 191 1696 885 1739">
     <span class='ocr_line' id='line_1_39' title="bbox 191 1696 885 1739; baseline -0.001 -9"><span class='ocrx_word' id='word_1_290' title='bbox 191 1697 307 1730; x_wconf 90' lang='lat' dir='ltr'><strong>Rome</strong></span> <span class='ocrx_word' id='word_1_291' title='bbox 331 1703 414 1739; x_wconf 86' lang='lat' dir='ltr'><strong>aput</strong></span> <span class='ocrx_word' id='word_1_292' title='bbox 434 1697 644 1731; x_wconf 84' lang='lat' dir='ltr'><strong>Lateranum</strong></span> <span class='ocrx_word' id='word_1_293' title='bbox 667 1696 752 1730; x_wconf 90' lang='lat' dir='ltr'><strong>obiit</strong></span> <span class='ocrx_word' id='word_1_294' title='bbox 774 1696 820 1730; x_wconf 89' lang='lat' dir='ltr'><strong>R.</strong></span> <span class='ocrx_word' id='word_1_295' title='bbox 833 1720 842 1729; x_wconf 91' lang='lat'><strong>.</strong></span> <span class='ocrx_word' id='word_1_296' title='bbox 856 1719 885 1729; x_wconf 88' lang='lat'><strong>..</strong></span> 
     </span>
    </p>
   </div>
   <div class='ocr_carea' id='block_1_21' title="bbox 909 1696 1354 1740">
    <p class='ocr_par' dir='ltr' id='par_1_25' title="bbox 909 1696 1354 1740">
     <span class='ocr_line' id='line_1_40' title="bbox 909 1696 1354 1740; baseline -0.002 -11"><span class='ocrx_word' id='word_1_297' title='bbox 909 1697 1096 1740; x_wconf 89' lang='lat' dir='ltr'><strong>episcopus</strong></span> <span class='ocrx_word' id='word_1_298' title='bbox 1119 1696 1354 1729; x_wconf 79' lang='lat' dir='ltr'><strong>Uenafranus.</strong></span> 
     </span>
    </p>
   </div>
   <div class='ocr_carea' id='block_1_22' title="bbox 101 1749 1947 1901">
    <p class='ocr_par' dir='ltr' id='par_1_26' title="bbox 101 1749 1947 1901">
     <span class='ocr_line' id='line_1_41' title="bbox 193 1749 1947 1792; baseline 0.001 -10"><span class='ocrx_word' id='word_1_299' title='bbox 193 1750 328 1783; x_wconf 87' lang='lat' dir='ltr'><strong>Eodem</strong></span> <span class='ocrx_word' id='word_1_300' title='bbox 352 1759 470 1783; x_wconf 85' lang='lat' dir='ltr'><strong>mense</strong></span> <span class='ocrx_word' id='word_1_301' title='bbox 494 1750 571 1782; x_wconf 87' lang='lat' dir='ltr'><strong>Iulii</strong></span> <span class='ocrx_word' id='word_1_302' title='bbox 594 1750 788 1792; x_wconf 87' lang='lat' dir='ltr'><strong>Imperator</strong></span> <span class='ocrx_word' id='word_1_303' title='bbox 810 1760 887 1783; x_wconf 90' lang='lat' dir='ltr'><strong>cum</strong></span> <span class='ocrx_word' id='word_1_304' title='bbox 904 1760 966 1783; x_wconf 87' lang='lat' dir='ltr'><strong>suo</strong></span> <span class='ocrx_word' id='word_1_305' title='bbox 982 1750 1160 1783; x_wconf 76' lang='lat' dir='ltr'><strong>fortunato</strong></span> <span class='ocrx_word' id='word_1_306' title='bbox 1176 1749 1333 1782; x_wconf 88' lang='lat' dir='ltr'><strong>exercitu</strong></span> <span class='ocrx_word' id='word_1_307' title='bbox 1349 1749 1445 1792; x_wconf 89' lang='lat' dir='ltr'><strong>cepit</strong></span> <span class='ocrx_word' id='word_1_308' title='bbox 1459 1751 1496 1782; x_wconf 91' lang='lat' dir='ltr'><strong>in</strong></span> <span class='ocrx_word' id='word_1_309' title='bbox 1513 1750 1718 1792; x_wconf 82' lang='lat' dir='ltr'><strong>episcopatu</strong></span> <span class='ocrx_word' id='word_1_310' title='bbox 1735 1751 1947 1784; x_wconf 88' lang='lat' dir='ltr'><strong>Bononiensi</strong></span> 
     </span>
     <span class='ocr_line' id='line_1_42' title="bbox 105 1802 1944 1848; baseline 0 -11"><span class='ocrx_word' id='word_1_311' title='bbox 105 1809 257 1837; x_wconf 86' lang='lat' dir='ltr'><strong>castrum</strong></span> <span class='ocrx_word' id='word_1_312' title='bbox 281 1802 455 1846; x_wconf 86' lang='lat' dir='ltr'><strong>quoddam</strong></span> <span class='ocrx_word' id='word_1_313' title='bbox 479 1803 618 1836; x_wconf 77' lang='lat' dir='ltr'><strong>fossatis</strong></span> <span class='ocrx_word' id='word_1_314' title='bbox 641 1808 677 1836; x_wconf 89' lang='lat' dir='ltr'><strong>et</strong></span> <span class='ocrx_word' id='word_1_315' title='bbox 699 1802 799 1847; x_wconf 87' lang='lat' dir='ltr'><strong>aquis</strong></span> <span class='ocrx_word' id='word_1_316' title='bbox 821 1803 1002 1842; x_wconf 88' lang='lat' dir='ltr'><strong>munitum,</strong></span> <span class='ocrx_word' id='word_1_317' title='bbox 1025 1803 1122 1846; x_wconf 91' lang='lat' dir='ltr'><strong>quod</strong></span> <span class='ocrx_word' id='word_1_318' title='bbox 1145 1803 1361 1836; x_wconf 75' lang='lat' dir='ltr'><strong>plumacium</strong></span> <span class='ocrx_word' id='word_1_319' title='bbox 1384 1803 1586 1842; x_wconf 87' lang='lat' dir='ltr'><strong>uocabatur,</strong></span> <span class='ocrx_word' id='word_1_320' title='bbox 1611 1804 1706 1846; x_wconf 92' lang='lat' dir='ltr'><strong>quod</strong></span> <span class='ocrx_word' id='word_1_321' title='bbox 1729 1809 1839 1836; x_wconf 89' lang='lat' dir='ltr'><strong>totum</strong></span> <span class='ocrx_word' id='word_1_322' title='bbox 1863 1804 1944 1848; x_wconf 87' lang='lat' dir='ltr'><strong>igne</strong></span> 
     </span>
     <span class='ocr_line' id='line_1_43' title="bbox 101 1856 1947 1901; baseline 0.001 -13"><span class='ocrx_word' id='word_1_323' title='bbox 101 1862 290 1889; x_wconf 89' lang='lat' dir='ltr'><strong>crematum</strong></span> <span class='ocrx_word' id='word_1_324' title='bbox 314 1861 378 1895; x_wconf 89' lang='lat' dir='ltr'><strong>est,</strong></span> <span class='ocrx_word' id='word_1_325' title='bbox 400 1862 436 1889; x_wconf 86' lang='lat' dir='ltr'><strong>et</strong></span> <span class='ocrx_word' id='word_1_326' title='bbox 458 1867 561 1899; x_wconf 88' lang='lat' dir='ltr'><strong>quam</strong></span> <span class='ocrx_word' id='word_1_327' title='bbox 583 1856 702 1899; x_wconf 85' lang='lat' dir='ltr'><strong>plures</strong></span> <span class='ocrx_word' id='word_1_328' title='bbox 724 1867 842 1889; x_wconf 89' lang='lat' dir='ltr'><strong>eorum</strong></span> <span class='ocrx_word' id='word_1_329' title='bbox 866 1856 926 1900; x_wconf 91' lang='lat' dir='ltr'><strong>qui</strong></span> <span class='ocrx_word' id='word_1_330' title='bbox 950 1856 1041 1889; x_wconf 87' lang='lat' dir='ltr'><strong>intus</strong></span> <span class='ocrx_word' id='word_1_331' title='bbox 1063 1862 1242 1895; x_wconf 90' lang='lat' dir='ltr'><strong>steterant,</strong></span> <span class='ocrx_word' id='word_1_332' title='bbox 1267 1857 1435 1889; x_wconf 90' lang='lat' dir='ltr'><strong>cremauit</strong></span> <span class='ocrx_word' id='word_1_333' title='bbox 1458 1856 1566 1900; x_wconf 85' lang='lat' dir='ltr'><strong>ignis;</strong></span> <span class='ocrx_word' id='word_1_334' title='bbox 1592 1863 1628 1890; x_wconf 89' lang='lat' dir='ltr'><strong>et</strong></span> <span class='ocrx_word' id='word_1_335' title='bbox 1658 1857 1733 1890; x_wconf 78' lang='lat' dir='ltr'><strong>fere</strong></span> <span class='ocrx_word' id='word_1_336' title='bbox 1764 1858 1947 1901; x_wconf 85' lang='lat' dir='ltr'><strong>quingenti</strong></span> 
     </span>
    </p>
   </div>
   <div class='ocr_carea' id='block_1_23' title="bbox 21 1908 1268 1953">
    <p class='ocr_par' dir='ltr' id='par_1_27' title="bbox 21 1908 1268 1953">
     <span class='ocr_line' id='line_1_44' title="bbox 21 1908 1268 1953; baseline -0.002 -9"><span class='ocrx_word' id='word_1_337' title='bbox 21 1909 80 1947; x_wconf 71' lang='grc'><strong>,30</strong></span> <span class='ocrx_word' id='word_1_338' title='bbox 102 1910 161 1952; x_wconf 90' lang='lat' dir='ltr'><strong>qui</strong></span> <span class='ocrx_word' id='word_1_339' title='bbox 185 1915 369 1943; x_wconf 85' lang='lat' dir='ltr'><strong>euaserunt</strong></span> <span class='ocrx_word' id='word_1_340' title='bbox 391 1910 482 1953; x_wconf 87' lang='lat' dir='ltr'><strong>ignis</strong></span> <span class='ocrx_word' id='word_1_341' title='bbox 503 1908 714 1949; x_wconf 89' lang='lat' dir='ltr'><strong>incendium,</strong></span> <span class='ocrx_word' id='word_1_342' title='bbox 737 1910 932 1952; x_wconf 88' lang='lat' dir='ltr'><strong>Imperator</strong></span> <span class='ocrx_word' id='word_1_343' title='bbox 955 1910 1054 1943; x_wconf 86' lang='lat' dir='ltr'><strong>duxit</strong></span> <span class='ocrx_word' id='word_1_344' title='bbox 1077 1910 1234 1953; x_wconf 89' lang='lat' dir='ltr'><strong>captiuos</strong></span> <span class='ocrx_word' id='word_1_345' title='bbox 1247 1909 1268 1942; x_wconf 83' lang='lat'><strong>⁸.</strong></span> 
     </span>
    </p>
   </div>
   <div class='ocr_carea' id='block_1_24' title="bbox 104 2021 1948 2159">
    <p class='ocr_par' dir='ltr' id='par_1_28' title="bbox 104 2021 1948 2159">
     <span class='ocr_line' id='line_1_45' title="bbox 194 2021 1948 2072; baseline 0.002 -8"><span class='ocrx_word' id='word_1_346' title='bbox 194 2046 250 2072; x_wconf 82' lang='lat'><strong>²·3·</strong></span> <span class='ocrx_word' id='word_1_347' title='bbox 271 2040 350 2065; x_wconf 82' lang='lat' dir='ltr'><strong>illam</strong></span> <span class='ocrx_word' id='word_1_348' title='bbox 368 2021 491 2072; x_wconf 28' lang='lat' dir='ltr'><strong>*portans</strong></span> <span class='ocrx_word' id='word_1_349' title='bbox 510 2039 608 2065; x_wconf 70' lang='lat' dir='ltr'><strong>Pnnrz</strong></span> <span class='ocrx_word' id='word_1_350' title='bbox 627 2048 642 2064; x_wconf 78' lang='lat' dir='ltr'><strong>e</strong></span> <span class='ocrx_word' id='word_1_351' title='bbox 659 2039 755 2065; x_wconf 74' lang='lat' dir='ltr'><strong>GAUD.</strong></span> <span class='ocrx_word' id='word_1_352' title='bbox 774 2054 807 2060; x_wconf 89' lang='lat'>—</span> <span class='ocrx_word' id='word_1_353' title='bbox 827 2039 852 2065; x_wconf 91' lang='lat'><strong>6.</strong></span> <span class='ocrx_word' id='word_1_354' title='bbox 871 2040 979 2065; x_wconf 89' lang='lat' dir='ltr'><strong>Eodem</strong></span> <span class='ocrx_word' id='word_1_355' title='bbox 998 2049 1094 2066; x_wconf 87' lang='lat' dir='ltr'><strong>mense</strong></span> <span class='ocrx_word' id='word_1_356' title='bbox 1113 2041 1197 2066; x_wconf 90' lang='lat' dir='ltr'><strong>Iunio</strong></span> <span class='ocrx_word' id='word_1_357' title='bbox 1217 2040 1294 2066; x_wconf 73' lang='lat' dir='ltr'><strong>Uen.</strong></span> <span class='ocrx_word' id='word_1_358' title='bbox 1313 2050 1326 2065; x_wconf 84' lang='lat' dir='ltr'><strong>e</strong></span> <span class='ocrx_word' id='word_1_359' title='bbox 1346 2042 1409 2066; x_wconf 75' lang='lat' dir='ltr'><strong>Dm.</strong></span> <span class='ocrx_word' id='word_1_360' title='bbox 1427 2041 1472 2065; x_wconf 68' lang='lat' dir='ltr'><strong>Ra</strong></span> <span class='ocrx_word' id='word_1_361' title='bbox 1492 2055 1524 2059; x_wconf 88' lang='lat'><em>-</em></span> <span class='ocrx_word' id='word_1_362' title='bbox 1544 2041 1570 2066; x_wconf 90' lang='grc'><strong>8.</strong></span> <span class='ocrx_word' id='word_1_363' title='bbox 1594 2041 1721 2067; x_wconf 81' lang='lat' dir='ltr'><strong>Tarvisii</strong></span> <span class='ocrx_word' id='word_1_364' title='bbox 1742 2041 1819 2067; x_wconf 73' lang='lat' dir='ltr'><strong>Uen.</strong></span> <span class='ocrx_word' id='word_1_365' title='bbox 1846 2051 1859 2067; x_wconf 76' lang='lat' dir='ltr'><strong>e</strong></span> <span class='ocrx_word' id='word_1_366' title='bbox 1884 2043 1948 2068; x_wconf 72' lang='lat' dir='ltr'><strong>Dat⁴</strong></span> 
     </span>
     <span class='ocr_line' id='line_1_46' title="bbox 104 2081 1947 2116; baseline 0.002 -9"><span class='ocrx_word' id='word_1_367' title='bbox 104 2082 148 2108; x_wconf 79' lang='lat' dir='ltr'><strong>R·</strong></span> <span class='ocrx_word' id='word_1_368' title='bbox 166 2096 201 2101; x_wconf 87' lang='lat'><strong>·—-</strong></span> <span class='ocrx_word' id='word_1_369' title='bbox 222 2089 262 2108; x_wconf 87' lang='lat'><strong>10.</strong></span> <span class='ocrx_word' id='word_1_370' title='bbox 282 2084 421 2115; x_wconf 84' lang='lat' dir='ltr'><strong>quatenus</strong></span> <span class='ocrx_word' id='word_1_371' title='bbox 440 2083 525 2107; x_wconf 86' lang='lat' dir='ltr'><strong>simul</strong></span> <span class='ocrx_word' id='word_1_372' title='bbox 545 2081 620 2107; x_wconf 75' lang='lat' dir='ltr'><strong>Uen.</strong></span> <span class='ocrx_word' id='word_1_373' title='bbox 639 2091 652 2107; x_wconf 78' lang='lat' dir='ltr'><strong>e</strong></span> <span class='ocrx_word' id='word_1_374' title='bbox 672 2083 734 2108; x_wconf 71' lang='lat' dir='ltr'><strong>Dar.</strong></span> <span class='ocrx_word' id='word_1_375' title='bbox 752 2081 798 2107; x_wconf 71' lang='lat' dir='ltr'><strong>R:</strong></span> <span class='ocrx_word' id='word_1_376' title='bbox 818 2096 849 2101; x_wconf 89' lang='lat'><em>-</em></span> <span class='ocrx_word' id='word_1_377' title='bbox 872 2090 913 2108; x_wconf 78' lang='grc' dir='ltr'><strong>η.</strong></span> <span class='ocrx_word' id='word_1_378' title='bbox 932 2083 1038 2108; x_wconf 82' lang='lat' dir='ltr'><strong>Veneti</strong></span> <span class='ocrx_word' id='word_1_379' title='bbox 1057 2084 1202 2116; x_wconf 86' lang='lat' dir='ltr'><strong>recipiunt</strong></span> <span class='ocrx_word' id='word_1_380' title='bbox 1227 2084 1394 2108; x_wconf 80' lang='lat' dir='ltr'><strong>Ravennam</strong></span> <span class='ocrx_word' id='word_1_381' title='bbox 1419 2084 1450 2108; x_wconf 77' lang='lat' dir='ltr'><strong>di</strong></span> <span class='ocrx_word' id='word_1_382' title='bbox 1466 2092 1542 2109; x_wconf 84' lang='lat' dir='ltr'><strong>mano</strong></span> <span class='ocrx_word' id='word_1_383' title='bbox 1567 2085 1614 2108; x_wconf 79' lang='lat' dir='ltr'><strong>del</strong></span> <span class='ocrx_word' id='word_1_384' title='bbox 1636 2093 1687 2109; x_wconf 75' lang='lat' dir='ltr'><strong>sec.</strong></span> <span class='ocrx_word' id='word_1_385' title='bbox 1713 2085 1809 2110; x_wconf 87' lang='lat' dir='ltr'><strong>XVII</strong></span> <span class='ocrx_word' id='word_1_386' title='bbox 1830 2086 1893 2110; x_wconf 86' lang='lat' dir='ltr'><strong>Cod.</strong></span> <span class='ocrx_word' id='word_1_387' title='bbox 1913 2099 1947 2104; x_wconf 88' lang='lat'><strong>—</strong></span> 
     </span>
     <span class='ocr_line' id='line_1_47' title="bbox 108 2125 1947 2159; baseline 0.001 -8"><span class='ocrx_word' id='word_1_388' title='bbox 108 2132 197 2158; x_wconf 78' lang='lat'><strong>12·13.</strong></span> <span class='ocrx_word' id='word_1_389' title='bbox 216 2127 334 2150; x_wconf 87' lang='lat' dir='ltr'><strong>tuentur</strong></span> <span class='ocrx_word' id='word_1_390' title='bbox 352 2132 386 2150; x_wconf 90' lang='lat' dir='ltr'><strong>eo</strong></span> <span class='ocrx_word' id='word_1_391' title='bbox 406 2132 509 2150; x_wconf 84' lang='lat' dir='ltr'><strong>mense.</strong></span> <span class='ocrx_word' id='word_1_392' title='bbox 545 2125 716 2150; x_wconf 83' lang='lat' dir='ltr'><strong>Homines..</strong></span> <span class='ocrx_word' id='word_1_393' title='bbox 729 2143 754 2150; x_wconf 91' lang='lat'><strong>..</strong></span> <span class='ocrx_word' id='word_1_394' title='bbox 772 2125 870 2150; x_wconf 73' lang='lat' dir='ltr'>Pffluz</span> <span class='ocrx_word' id='word_1_395' title='bbox 888 2133 902 2149; x_wconf 80' lang='lat' dir='ltr'><strong>e</strong></span> <span class='ocrx_word' id='word_1_396' title='bbox 927 2126 1023 2151; x_wconf 64' lang='lat' dir='ltr'><strong>Gaui).</strong></span> <span class='ocrx_word' id='word_1_397' title='bbox 1042 2140 1076 2144; x_wconf 90' lang='lat'><strong>—</strong></span> <span class='ocrx_word' id='word_1_398' title='bbox 1098 2133 1187 2159; x_wconf 80' lang='lat'><strong>13-14.</strong></span> <span class='ocrx_word' id='word_1_399' title='bbox 1206 2128 1234 2150; x_wconf 89' lang='lat' dir='ltr'><strong>et</strong></span> <span class='ocrx_word' id='word_1_400' title='bbox 1253 2126 1331 2151; x_wconf 87' lang='lat' dir='ltr'><strong>Serv.</strong></span> <span class='ocrx_word' id='word_1_401' title='bbox 1351 2127 1382 2150; x_wconf 91' lang='lat' dir='ltr'><strong>in</strong></span> <span class='ocrx_word' id='word_1_402' title='bbox 1402 2133 1455 2150; x_wconf 84' lang='lat' dir='ltr'><strong>suo</strong></span> <span class='ocrx_word' id='word_1_403' title='bbox 1476 2127 1596 2151; x_wconf 85' lang='lat' dir='ltr'><strong>servitio</strong></span> <span class='ocrx_word' id='word_1_404' title='bbox 1616 2127 1691 2151; x_wconf 69' lang='lat' dir='ltr'><strong>Uen.</strong></span> <span class='ocrx_word' id='word_1_405' title='bbox 1718 2141 1751 2144; x_wconf 97' lang='lat'><strong>—</strong></span> <span class='ocrx_word' id='word_1_406' title='bbox 1780 2134 1820 2159; x_wconf 86' lang='lat'><strong>19.</strong></span> <span class='ocrx_word' id='word_1_407' title='bbox 1839 2127 1947 2152; x_wconf 86' lang='lat' dir='ltr'><strong>Eodem</strong></span> 
     </span>
    </p>
   </div>
   <div class='ocr_carea' id='block_1_25' title="bbox 105 2167 1115 2243">
    <p class='ocr_par' dir='ltr' id='par_1_29' title="bbox 105 2167 1115 2243">
     <span class='ocr_line' id='line_1_48' title="bbox 105 2167 1115 2199; baseline 0.002 -7"><span class='ocrx_word' id='word_1_408' title='bbox 105 2175 200 2193; x_wconf 82' lang='lat' dir='ltr'><strong>mense</strong></span> <span class='ocrx_word' id='word_1_409' title='bbox 218 2169 304 2193; x_wconf 84' lang='lat' dir='ltr'><strong>tertia</strong></span> <span class='ocrx_word' id='word_1_410' title='bbox 323 2168 398 2193; x_wconf 76' lang='lat' dir='ltr'><strong>Uou.</strong></span> <span class='ocrx_word' id='word_1_411' title='bbox 418 2176 432 2192; x_wconf 84' lang='lat' dir='ltr'><strong>e</strong></span> <span class='ocrx_word' id='word_1_412' title='bbox 450 2168 515 2192; x_wconf 78' lang='lat' dir='ltr'><strong>Dm.</strong></span> <span class='ocrx_word' id='word_1_413' title='bbox 533 2167 578 2192; x_wconf 66' lang='lat' dir='ltr'><strong>Ra</strong></span> <span class='ocrx_word' id='word_1_414' title='bbox 596 2181 629 2186; x_wconf 92' lang='lat'>—</span> <span class='ocrx_word' id='word_1_415' title='bbox 649 2173 692 2199; x_wconf 86' lang='lat'><strong>27.</strong></span> <span class='ocrx_word' id='word_1_416' title='bbox 709 2175 772 2192; x_wconf 88' lang='lat' dir='ltr'><strong>cum</strong></span> <span class='ocrx_word' id='word_1_417' title='bbox 791 2175 843 2193; x_wconf 88' lang='lat' dir='ltr'><strong>suo</strong></span> <span class='ocrx_word' id='word_1_418' title='bbox 862 2170 989 2194; x_wconf 85' lang='lat' dir='ltr'><strong>exercitu</strong></span> <span class='ocrx_word' id='word_1_419' title='bbox 1009 2169 1085 2194; x_wconf 75' lang='lat' dir='ltr'><strong>Uou.</strong></span> <span class='ocrx_word' id='word_1_420' title='bbox 1106 2182 1115 2187; x_wconf 89' lang='lat'>-</span> 
     </span>
     <span class='ocr_line' id='line_1_49' title="bbox 613 2209 1016 2243; baseline 0.005 -9"><span class='ocrx_word' id='word_1_421' title='bbox 613 2210 689 2243; x_wconf 84' lang='lat' dir='ltr'><strong>ignis</strong></span> <span class='ocrx_word' id='word_1_422' title='bbox 709 2211 846 2235; x_wconf 85' lang='lat' dir='ltr'><strong>cremavit</strong></span> <span class='ocrx_word' id='word_1_423' title='bbox 865 2209 941 2236; x_wconf 77' lang='lat' dir='ltr'><strong>Uei-1.</strong></span> <span class='ocrx_word' id='word_1_424' title='bbox 959 2224 971 2229; x_wconf 95' lang='lat'>-</span> <span class='ocrx_word' id='word_1_425' title='bbox 990 2227 1016 2236; x_wconf 78' lang='lat'><strong>.-</strong></span> 
     </span>
    </p>
   </div>
   <div class='ocr_carea' id='block_1_26' title="bbox 104 2210 593 2243">
    <p class='ocr_par' dir='ltr' id='par_1_30' title="bbox 104 2210 593 2243">
     <span class='ocr_line' id='line_1_50' title="bbox 104 2210 593 2243; baseline 0 -8"><span class='ocrx_word' id='word_1_426' title='bbox 104 2211 166 2235; x_wconf 84' lang='lat' dir='ltr'><strong>tum</strong></span> <span class='ocrx_word' id='word_1_427' title='bbox 183 2211 227 2235; x_wconf 81' lang='lat' dir='ltr'><strong>est</strong></span> <span class='ocrx_word' id='word_1_428' title='bbox 245 2211 329 2242; x_wconf 83' lang='lat' dir='ltr'><strong>atque</strong></span> <span class='ocrx_word' id='word_1_429' title='bbox 349 2210 522 2243; x_wconf 82' lang='lat' dir='ltr'><strong>principales</strong></span> <span class='ocrx_word' id='word_1_430' title='bbox 532 2226 540 2235; x_wconf 86' lang='lat'><strong>.</strong></span> <span class='ocrx_word' id='word_1_431' title='bbox 550 2226 558 2234; x_wconf 86' lang='lat'><strong>.</strong></span> <span class='ocrx_word' id='word_1_432' title='bbox 568 2226 576 2235; x_wconf 89' lang='lat'><strong>.</strong></span> <span class='ocrx_word' id='word_1_433' title='bbox 587 2228 593 2235; x_wconf 87' lang='lat'><strong>.</strong></span> 
     </span>
    </p>
   </div>
   <div class='ocr_carea' id='block_1_27' title="bbox 100 2297 996 3051">
    <p class='ocr_par' dir='ltr' id='par_1_31' title="bbox 101 2297 993 2373">
     <span class='ocr_line' id='line_1_51' title="bbox 189 2297 993 2332; baseline 0.001 -9"><span class='ocrx_word' id='word_1_434' title='bbox 189 2297 199 2315; x_wconf 60' lang='grc' dir='ltr'>ί</span> <span class='ocrx_word' id='word_1_435' title='bbox 217 2298 415 2324; x_wconf 66' lang='lat' dir='ltr'><strong>Ronmnmus</strong></span> <span class='ocrx_word' id='word_1_436' title='bbox 432 2298 615 2328; x_wconf 61' lang='grc' dir='ltr'><strong>ΡΛι-Λνιηυε,</strong></span> <span class='ocrx_word' id='word_1_437' title='bbox 635 2302 677 2330; x_wconf 76' lang='lat' dir='ltr'><strong>op.</strong></span> <span class='ocrx_word' id='word_1_438' title='bbox 695 2299 749 2328; x_wconf 82' lang='lat' dir='ltr'><strong>cit..</strong></span> <span class='ocrx_word' id='word_1_439' title='bbox 769 2306 795 2332; x_wconf 86' lang='lat' dir='ltr'><strong>p.</strong></span> <span class='ocrx_word' id='word_1_440' title='bbox 816 2305 858 2332; x_wconf 79' lang='lat'><strong>73,</strong></span> <span class='ocrx_word' id='word_1_441' title='bbox 883 2299 946 2324; x_wconf 86' lang='lat' dir='ltr'><strong>dice</strong></span> <span class='ocrx_word' id='word_1_442' title='bbox 965 2299 993 2324; x_wconf 84' lang='lat' dir='ltr'><strong>la</strong></span> 
     </span>
     <span class='ocr_line' id='line_1_52' title="bbox 101 2340 611 2373; baseline -0.004 -7"><span class='ocrx_word' id='word_1_443' title='bbox 101 2341 208 2366; x_wconf 79' lang='lat' dir='ltr'><strong>rivolta</strong></span> <span class='ocrx_word' id='word_1_444' title='bbox 226 2342 372 2366; x_wconf 77' lang='lat' dir='ltr'><strong>avvenuta</strong></span> <span class='ocrx_word' id='word_1_445' title='bbox 391 2340 413 2365; x_wconf 85' lang='lat' dir='ltr'><strong>ll</strong></span> <span class='ocrx_word' id='word_1_446' title='bbox 436 2347 468 2373; x_wconf 88' lang='lat'><strong>¹4</strong></span> <span class='ocrx_word' id='word_1_447' title='bbox 488 2341 611 2373; x_wconf 81' lang='lat' dir='ltr'><strong>magglo.</strong></span> 
     </span>
    </p>

    <p class='ocr_par' dir='ltr' id='par_1_32' title="bbox 188 2381 790 2416">
     <span class='ocr_line' id='line_1_53' title="bbox 188 2381 790 2416; baseline 0.002 -9"><span class='ocrx_word' id='word_1_448' title='bbox 188 2381 200 2399; x_wconf 80' lang='lat'><strong>¹</strong></span> <span class='ocrx_word' id='word_1_449' title='bbox 218 2383 365 2408; x_wconf 80' lang='lat' dir='ltr'><strong>Valleluce</strong></span> <span class='ocrx_word' id='word_1_450' title='bbox 383 2390 399 2407; x_wconf 87' lang='lat' dir='ltr'><strong>a</strong></span> <span class='ocrx_word' id='word_1_451' title='bbox 418 2383 504 2416; x_wconf 85' lang='lat' dir='ltr'><strong>pochi</strong></span> <span class='ocrx_word' id='word_1_452' title='bbox 525 2383 580 2407; x_wconf 89' lang='lat' dir='ltr'><strong>km.</strong></span> <span class='ocrx_word' id='word_1_453' title='bbox 601 2383 636 2408; x_wconf 87' lang='lat' dir='ltr'><strong>da</strong></span> <span class='ocrx_word' id='word_1_454' title='bbox 656 2383 790 2408; x_wconf 76' lang='lat' dir='ltr'><strong>Cassino-</strong></span> 
     </span>
    </p>

    <p class='ocr_par' dir='ltr' id='par_1_33' title="bbox 100 2423 995 2923">
     <span class='ocr_line' id='line_1_54' title="bbox 189 2423 992 2458; baseline 0.002 -8"><span class='ocrx_word' id='word_1_455' title='bbox 189 2423 200 2441; x_wconf 81' lang='lat'><strong>³</strong></span> <span class='ocrx_word' id='word_1_456' title='bbox 219 2425 351 2451; x_wconf 85' lang='lat' dir='ltr'><strong>Secondo</strong></span> <span class='ocrx_word' id='word_1_457' title='bbox 375 2425 418 2458; x_wconf 86' lang='lat' dir='ltr'><strong>gli</strong></span> <span class='ocrx_word' id='word_1_458' title='bbox 442 2424 559 2450; x_wconf 74' lang='lat' dir='ltr'><strong>Annales</strong></span> <span class='ocrx_word' id='word_1_459' title='bbox 584 2426 748 2455; x_wconf 77' lang='lat' dir='ltr'><strong>Placentini,</strong></span> <span class='ocrx_word' id='word_1_460' title='bbox 771 2427 830 2455; x_wconf 79' lang='lat' dir='ltr'><strong>cit..</strong></span> <span class='ocrx_word' id='word_1_461' title='bbox 856 2427 992 2452; x_wconf 83' lang='lat' dir='ltr'><strong>Ravenna</strong></span> 
     </span>
     <span class='ocr_line' id='line_1_55' title="bbox 100 2467 993 2501; baseline 0.001 -9"><span class='ocrx_word' id='word_1_462' title='bbox 100 2467 188 2492; x_wconf 67' lang='lat' dir='ltr'><strong>cedde</strong></span> <span class='ocrx_word' id='word_1_463' title='bbox 202 2467 247 2492; x_wconf 90' lang='lat' dir='ltr'><strong>nel</strong></span> <span class='ocrx_word' id='word_1_464' title='bbox 260 2469 379 2501; x_wconf 84' lang='lat' dir='ltr'><strong>glugno,</strong></span> <span class='ocrx_word' id='word_1_465' title='bbox 392 2474 408 2492; x_wconf 92' lang='lat' dir='ltr'><strong>e</strong></span> <span class='ocrx_word' id='word_1_466' title='bbox 420 2468 625 2499; x_wconf 81' lang='lat' dir='ltr'><strong>precisamente</strong></span> <span class='ocrx_word' id='word_1_467' title='bbox 640 2467 685 2492; x_wconf 88' lang='lat' dir='ltr'><strong>nel</strong></span> <span class='ocrx_word' id='word_1_468' title='bbox 698 2469 802 2500; x_wconf 84' lang='lat' dir='ltr'><strong>giorno</strong></span> <span class='ocrx_word' id='word_1_469' title='bbox 815 2468 844 2492; x_wconf 88' lang='lat' dir='ltr'><strong>di</strong></span> <span class='ocrx_word' id='word_1_470' title='bbox 859 2476 909 2493; x_wconf 82' lang='lat' dir='ltr'><strong>san</strong></span> <span class='ocrx_word' id='word_1_471' title='bbox 924 2468 993 2493; x_wconf 91' lang='lat' dir='ltr'><strong>Giu-</strong></span> 
     </span>
     <span class='ocr_line' id='line_1_56' title="bbox 101 2507 992 2542; baseline 0.001 -8"><span class='ocrx_word' id='word_1_472' title='bbox 101 2509 181 2534; x_wconf 85' lang='lat' dir='ltr'><strong>liano</strong></span> <span class='ocrx_word' id='word_1_473' title='bbox 200 2511 316 2534; x_wconf 78' lang='lat' dir='ltr'><strong>martire</strong></span> <span class='ocrx_word' id='word_1_474' title='bbox 334 2508 375 2541; x_wconf 90' lang='lat' dir='ltr'><strong>(di</strong></span> <span class='ocrx_word' id='word_1_475' title='bbox 395 2507 529 2542; x_wconf 83' lang='lat' dir='ltr'><strong>Rimini),</strong></span> <span class='ocrx_word' id='word_1_476' title='bbox 547 2507 610 2534; x_wconf 70' lang='lat' dir='ltr'><strong>eloe</strong></span> <span class='ocrx_word' id='word_1_477' title='bbox 629 2509 651 2533; x_wconf 82' lang='lat' dir='ltr'><strong>il</strong></span> <span class='ocrx_word' id='word_1_478' title='bbox 668 2515 714 2538; x_wconf 70' lang='lat'><strong>2²?-</strong></span> <span class='ocrx_word' id='word_1_479' title='bbox 728 2509 848 2535; x_wconf 80' lang='lat' dir='ltr'><strong>Annales</strong></span> <span class='ocrx_word' id='word_1_480' title='bbox 862 2510 992 2535; x_wconf 70' lang='lat' dir='ltr'><strong>caesena-</strong></span> 
     </span>
     <span class='ocr_line' id='line_1_57' title="bbox 101 2551 993 2585; baseline 0.002 -9"><span class='ocrx_word' id='word_1_481' title='bbox 101 2555 149 2582; x_wconf 59' lang='grc' dir='ltr'><strong>Δις,</strong></span> <span class='ocrx_word' id='word_1_482' title='bbox 167 2552 199 2576; x_wconf 85' lang='lat' dir='ltr'><strong>ln</strong></span> <span class='ocrx_word' id='word_1_483' title='bbox 217 2551 390 2581; x_wconf 65' lang='lat' dir='ltr'><strong>Muaaroiu,</strong></span> <span class='ocrx_word' id='word_1_484' title='bbox 410 2552 474 2577; x_wconf 87' lang='lat' dir='ltr'><strong>RR.</strong></span> <span class='ocrx_word' id='word_1_485' title='bbox 496 2551 536 2576; x_wconf 92' lang='lat' dir='ltr'><strong>II.</strong></span> <span class='ocrx_word' id='word_1_486' title='bbox 558 2552 617 2583; x_wconf 87' lang='lat' dir='ltr'><strong>SS.‚</strong></span> <span class='ocrx_word' id='word_1_487' title='bbox 638 2551 712 2582; x_wconf 85' lang='lat' dir='ltr'><strong>XIV,</strong></span> <span class='ocrx_word' id='word_1_488' title='bbox 732 2551 788 2577; x_wconf 90' lang='lat' dir='ltr'><strong>col.</strong></span> <span class='ocrx_word' id='word_1_489' title='bbox 804 2558 881 2585; x_wconf 85' lang='lat'><strong>1097.</strong></span> <span class='ocrx_word' id='word_1_490' title='bbox 918 2552 993 2581; x_wconf 88' lang='lat' dir='ltr'><strong>Que-</strong></span> 
     </span>
     <span class='ocr_line' id='line_1_58' title="bbox 102 2593 994 2627; baseline 0.002 -8"><span class='ocrx_word' id='word_1_491' title='bbox 102 2595 145 2619; x_wconf 84' lang='lat' dir='ltr'><strong>sta</strong></span> <span class='ocrx_word' id='word_1_492' title='bbox 164 2594 276 2619; x_wconf 81' lang='lat' dir='ltr'><strong>notizia</strong></span> <span class='ocrx_word' id='word_1_493' title='bbox 295 2595 438 2619; x_wconf 84' lang='lat' dir='ltr'><strong>concorda</strong></span> <span class='ocrx_word' id='word_1_494' title='bbox 458 2593 547 2618; x_wconf 81' lang='lat' dir='ltr'><strong>anche</strong></span> <span class='ocrx_word' id='word_1_495' title='bbox 565 2601 619 2618; x_wconf 89' lang='lat' dir='ltr'><strong>con</strong></span> <span class='ocrx_word' id='word_1_496' title='bbox 639 2593 669 2618; x_wconf 88' lang='lat' dir='ltr'><strong>lo</strong></span> <span class='ocrx_word' id='word_1_497' title='bbox 687 2594 866 2627; x_wconf 73' lang='lat' dir='ltr'><strong>spicilegium</strong></span> <span class='ocrx_word' id='word_1_498' title='bbox 886 2596 994 2622; x_wconf 74' lang='lat' dir='ltr'><strong>Rauen,</strong></span> 
     </span>
     <span class='ocr_line' id='line_1_59' title="bbox 100 2636 994 2670; baseline 0.002 -8"><span class='ocrx_word' id='word_1_499' title='bbox 100 2637 229 2663; x_wconf 74' lang='lat' dir='ltr'><strong>historiae</strong></span> <span class='ocrx_word' id='word_1_500' title='bbox 247 2638 278 2662; x_wconf 89' lang='lat' dir='ltr'><strong>in</strong></span> <span class='ocrx_word' id='word_1_501' title='bbox 298 2637 471 2666; x_wconf 64' lang='lat' dir='ltr'><strong>Mun-rom,</strong></span> <span class='ocrx_word' id='word_1_502' title='bbox 484 2636 518 2666; x_wconf 80' lang='lat'><strong>11.</strong></span> <span class='ocrx_word' id='word_1_503' title='bbox 532 2645 559 2669; x_wconf 89' lang='lat' dir='ltr'><strong>p.</strong></span> <span class='ocrx_word' id='word_1_504' title='bbox 579 2636 644 2670; x_wconf 85' lang='lat'>578:</span> <span class='ocrx_word' id='word_1_505' title='bbox 667 2637 681 2651; x_wconf 73' lang='lat'><strong>‘⁴</strong></span> <span class='ocrx_word' id='word_1_506' title='bbox 692 2636 785 2670; x_wconf 85' lang='lat' dir='ltr'><strong>Capta</strong></span> <span class='ocrx_word' id='word_1_507' title='bbox 803 2639 846 2663; x_wconf 80' lang='lat' dir='ltr'><strong>est</strong></span> <span class='ocrx_word' id='word_1_508' title='bbox 859 2638 994 2664; x_wconf 84' lang='lat' dir='ltr'><strong>Ravenna</strong></span> 
     </span>
     <span class='ocr_line' id='line_1_60' title="bbox 104 2679 994 2714; baseline 0.001 -9"><span class='ocrx_word' id='word_1_509' title='bbox 104 2679 143 2704; x_wconf 69' lang='lat' dir='ltr'><strong>“a</strong></span> <span class='ocrx_word' id='word_1_510' title='bbox 162 2680 282 2705; x_wconf 85' lang='lat' dir='ltr'><strong>domino</strong></span> <span class='ocrx_word' id='word_1_511' title='bbox 301 2679 392 2704; x_wconf 81' lang='lat' dir='ltr'><strong>Paulo</strong></span> <span class='ocrx_word' id='word_1_512' title='bbox 412 2679 598 2704; x_wconf 76' lang='lat' dir='ltr'><strong>&#39;rr-aversario</strong></span> <span class='ocrx_word' id='word_1_513' title='bbox 616 2681 645 2704; x_wconf 88' lang='lat' dir='ltr'><strong>et</strong></span> <span class='ocrx_word' id='word_1_514' title='bbox 669 2680 768 2704; x_wconf 77' lang='lat' dir='ltr'><strong>amicis</strong></span> <span class='ocrx_word' id='word_1_515' title='bbox 793 2681 862 2711; x_wconf 77' lang='lat' dir='ltr'><strong>eius,</strong></span> <span class='ocrx_word' id='word_1_516' title='bbox 887 2682 994 2714; x_wconf 80' lang='lat' dir='ltr'><strong>specia-</strong></span> 
     </span>
     <span class='ocr_line' id='line_1_61' title="bbox 102 2721 994 2755; baseline 0.002 -8"><span class='ocrx_word' id='word_1_517' title='bbox 102 2721 116 2735; x_wconf 82' lang='lat'><em>“</em></span> <span class='ocrx_word' id='word_1_518' title='bbox 127 2722 194 2747; x_wconf 86' lang='lat' dir='ltr'><strong>liter</strong></span> <span class='ocrx_word' id='word_1_519' title='bbox 214 2722 455 2751; x_wconf 76' lang='lat' dir='ltr'><strong>Bononiensibus.</strong></span> <span class='ocrx_word' id='word_1_520' title='bbox 474 2724 503 2747; x_wconf 87' lang='lat' dir='ltr'><strong>et</strong></span> <span class='ocrx_word' id='word_1_521' title='bbox 516 2724 606 2747; x_wconf 86' lang='lat' dir='ltr'><strong>totam</strong></span> <span class='ocrx_word' id='word_1_522' title='bbox 626 2723 733 2755; x_wconf 79' lang='lat' dir='ltr'><strong>partem</strong></span> <span class='ocrx_word' id='word_1_523' title='bbox 754 2723 901 2748; x_wconf 84' lang='lat' dir='ltr'><strong>adversam</strong></span> <span class='ocrx_word' id='word_1_524' title='bbox 921 2724 994 2749; x_wconf 79' lang='lat' dir='ltr'><strong>soris</strong></span> 
     </span>
     <span class='ocr_line' id='line_1_62' title="bbox 104 2763 995 2799; baseline 0.003 -11"><span class='ocrx_word' id='word_1_525' title='bbox 104 2763 213 2788; x_wconf 74' lang='lat' dir='ltr'><strong>“eiecit</strong></span> <span class='ocrx_word' id='word_1_526' title='bbox 232 2765 326 2796; x_wconf 85' lang='lat' dir='ltr'><strong>preter</strong></span> <span class='ocrx_word' id='word_1_527' title='bbox 344 2764 423 2794; x_wconf 74' lang='lat' dir='ltr'><strong>illos,</strong></span> <span class='ocrx_word' id='word_1_528' title='bbox 443 2772 513 2797; x_wconf 85' lang='lat' dir='ltr'><strong>quos</strong></span> <span class='ocrx_word' id='word_1_529' title='bbox 534 2765 563 2788; x_wconf 86' lang='lat' dir='ltr'><strong>in</strong></span> <span class='ocrx_word' id='word_1_530' title='bbox 584 2764 723 2789; x_wconf 79' lang='lat' dir='ltr'><strong>vassallos</strong></span> <span class='ocrx_word' id='word_1_531' title='bbox 749 2766 871 2799; x_wconf 79' lang='lat' dir='ltr'><strong>receplt3</strong></span> <span class='ocrx_word' id='word_1_532' title='bbox 891 2766 995 2791; x_wconf 79' lang='lat' dir='ltr'><strong>exinde</strong></span> 
     </span>
     <span class='ocr_line' id='line_1_63' title="bbox 103 2804 995 2842; baseline 0.003 -12"><span class='ocrx_word' id='word_1_533' title='bbox 103 2804 274 2838; x_wconf 73' lang='lat' dir='ltr'><strong>“Men-curii,</strong></span> <span class='ocrx_word' id='word_1_534' title='bbox 299 2813 332 2831; x_wconf 77' lang='lat' dir='ltr'><strong>xx</strong></span> <span class='ocrx_word' id='word_1_535' title='bbox 357 2809 478 2832; x_wconf 86' lang='lat' dir='ltr'><strong>exeunte</strong></span> <span class='ocrx_word' id='word_1_536' title='bbox 504 2807 586 2832; x_wconf 88' lang='lat' dir='ltr'><strong>lunio</strong></span> <span class='ocrx_word' id='word_1_537' title='bbox 611 2806 778 2839; x_wconf 84' lang='lat' dir='ltr'><strong>(Mercoledl</strong></span> <span class='ocrx_word' id='word_1_538' title='bbox 806 2814 838 2832; x_wconf 85' lang='lat'><strong>22</strong></span> <span class='ocrx_word' id='word_1_539' title='bbox 863 2808 995 2842; x_wconf 82' lang='lat' dir='ltr'><strong>giugno),</strong></span> 
     </span>
     <span class='ocr_line' id='line_1_64' title="bbox 104 2848 995 2884; baseline 0.003 -11"><span class='ocrx_word' id='word_1_540' title='bbox 104 2848 214 2873; x_wconf 73' lang='lat' dir='ltr'><strong>“etiam</strong></span> <span class='ocrx_word' id='word_1_541' title='bbox 233 2856 303 2880; x_wconf 83' lang='lat' dir='ltr'><strong>quos</strong></span> <span class='ocrx_word' id='word_1_542' title='bbox 328 2849 358 2873; x_wconf 82' lang='lat' dir='ltr'><strong>ln</strong></span> <span class='ocrx_word' id='word_1_543' title='bbox 384 2849 524 2874; x_wconf 80' lang='lat' dir='ltr'><strong>vassallos</strong></span> <span class='ocrx_word' id='word_1_544' title='bbox 550 2851 703 2882; x_wconf 83' lang='lat' dir='ltr'><strong>receperat,</strong></span> <span class='ocrx_word' id='word_1_545' title='bbox 722 2850 807 2875; x_wconf 84' lang='lat' dir='ltr'><strong>eiecit</strong></span> <span class='ocrx_word' id='word_1_546' title='bbox 829 2852 857 2875; x_wconf 88' lang='lat' dir='ltr'><strong>et</strong></span> <span class='ocrx_word' id='word_1_547' title='bbox 881 2851 995 2884; x_wconf 79' lang='lat' dir='ltr'><strong>expulit</strong></span> 
     </span>
     <span class='ocr_line' id='line_1_65' title="bbox 104 2890 704 2923; baseline 0.002 -8"><span class='ocrx_word' id='word_1_548' title='bbox 104 2890 227 2923; x_wconf 74' lang='lat' dir='ltr'><strong>“postea</strong></span> <span class='ocrx_word' id='word_1_549' title='bbox 246 2891 280 2915; x_wconf 89' lang='lat' dir='ltr'><strong>de</strong></span> <span class='ocrx_word' id='word_1_550' title='bbox 298 2891 418 2916; x_wconf 72' lang='lat' dir='ltr'><strong>civitate</strong></span> <span class='ocrx_word' id='word_1_551' title='bbox 435 2893 463 2916; x_wconf 88' lang='lat' dir='ltr'><strong>et</strong></span> <span class='ocrx_word' id='word_1_552' title='bbox 483 2891 517 2916; x_wconf 86' lang='lat' dir='ltr'><strong>de</strong></span> <span class='ocrx_word' id='word_1_553' title='bbox 535 2891 669 2916; x_wconf 86' lang='lat' dir='ltr'><strong>districtu</strong></span> <span class='ocrx_word' id='word_1_554' title='bbox 680 2909 704 2922; x_wconf 82' lang='lat'><strong>„.</strong></span> 
     </span>
    </p>

    <p class='ocr_par' dir='ltr' id='par_1_34' title="bbox 102 2930 996 3051">
     <span class='ocr_line' id='line_1_66' title="bbox 191 2930 995 2967; baseline 0.005 -11"><span class='ocrx_word' id='word_1_555' title='bbox 191 2930 203 2947; x_wconf 86' lang='lat'><strong>⁴</strong></span> <span class='ocrx_word' id='word_1_556' title='bbox 226 2939 257 2965; x_wconf 84' lang='lat'><strong>14</strong></span> <span class='ocrx_word' id='word_1_557' title='bbox 274 2932 343 2965; x_wconf 76' lang='lat' dir='ltr'><strong>lug..</strong></span> <span class='ocrx_word' id='word_1_558' title='bbox 361 2933 383 2957; x_wconf 87' lang='grc'><strong>11</strong></span> <span class='ocrx_word' id='word_1_559' title='bbox 403 2940 476 2966; x_wconf 84' lang='lat' dir='ltr'><strong>papa</strong></span> <span class='ocrx_word' id='word_1_560' title='bbox 497 2933 527 2958; x_wconf 80' lang='lat' dir='ltr'><strong>su</strong></span> <span class='ocrx_word' id='word_1_561' title='bbox 546 2933 581 2958; x_wconf 88' lang='lat' dir='ltr'><strong>ad</strong></span> <span class='ocrx_word' id='word_1_562' title='bbox 601 2933 726 2965; x_wconf 78' lang='lat' dir='ltr'><strong>Anagni‚</strong></span> <span class='ocrx_word' id='word_1_563' title='bbox 748 2934 769 2958; x_wconf 91' lang='lat' dir='ltr'><strong>il</strong></span> <span class='ocrx_word' id='word_1_564' title='bbox 794 2935 900 2967; x_wconf 84' lang='lat' dir='ltr'><strong>giorno</strong></span> <span class='ocrx_word' id='word_1_565' title='bbox 918 2935 995 2967; x_wconf 85' lang='lat' dir='ltr'><strong>dopo</strong></span> 
     </span>
     <span class='ocr_line' id='line_1_67' title="bbox 102 2972 996 3008; baseline 0.003 -9"><span class='ocrx_word' id='word_1_566' title='bbox 102 2972 254 2999; x_wconf 73' lang='lat' dir='ltr'><strong>comunico</strong></span> <span class='ocrx_word' id='word_1_567' title='bbox 274 2975 301 2999; x_wconf 82' lang='lat' dir='ltr'><strong>al</strong></span> <span class='ocrx_word' id='word_1_568' title='bbox 320 2975 450 3008; x_wconf 79' lang='lat' dir='ltr'><strong>capitolo</strong></span> <span class='ocrx_word' id='word_1_569' title='bbox 469 2976 498 3000; x_wconf 91' lang='lat' dir='ltr'><strong>dl</strong></span> <span class='ocrx_word' id='word_1_570' title='bbox 518 2975 652 3000; x_wconf 78' lang='lat' dir='ltr'><strong>Losanna</strong></span> <span class='ocrx_word' id='word_1_571' title='bbox 671 2975 699 3000; x_wconf 86' lang='lat' dir='ltr'><strong>la</strong></span> <span class='ocrx_word' id='word_1_572' title='bbox 718 2976 852 3001; x_wconf 81' lang='lat' dir='ltr'><strong>rinunzia</strong></span> <span class='ocrx_word' id='word_1_573' title='bbox 871 2976 917 3001; x_wconf 85' lang='lat' dir='ltr'><strong>del</strong></span> <span class='ocrx_word' id='word_1_574' title='bbox 931 2977 996 3002; x_wconf 87' lang='lat' dir='ltr'><strong>loro</strong></span> 
     </span>
     <span class='ocr_line' id='line_1_68' title="bbox 103 3017 655 3051; baseline 0.004 -10"><span class='ocrx_word' id='word_1_575' title='bbox 103 3017 304 3050; x_wconf 67' lang='lat' dir='ltr'><strong>arclvescovo;</strong></span> <span class='ocrx_word' id='word_1_576' title='bbox 323 3017 492 3047; x_wconf 58' lang='lat' dir='ltr'><strong>Porrunsr,</strong></span> <span class='ocrx_word' id='word_1_577' title='bbox 512 3026 543 3043; x_wconf 92' lang='lat' dir='ltr'><strong>n.·</strong></span> <span class='ocrx_word' id='word_1_578' title='bbox 562 3018 655 3051; x_wconf 81' lang='lat'><strong>10776.</strong></span> 
     </span>
    </p>
   </div>
   <div class='ocr_carea' id='block_1_28' title="bbox 1136 2168 1948 2202">
    <p class='ocr_par' dir='ltr' id='par_1_35' title="bbox 1136 2168 1948 2202">
     <span class='ocr_line' id='line_1_69' title="bbox 1136 2168 1948 2202; baseline 0.001 -8"><span class='ocrx_word' id='word_1_579' title='bbox 1136 2187 1142 2194; x_wconf 93' lang='lat'><strong>.</strong></span> <span class='ocrx_word' id='word_1_580' title='bbox 1153 2185 1161 2194; x_wconf 89' lang='lat'><strong>.</strong></span> <span class='ocrx_word' id='word_1_581' title='bbox 1171 2186 1179 2194; x_wconf 91' lang='lat'><strong>.</strong></span> <span class='ocrx_word' id='word_1_582' title='bbox 1189 2186 1196 2194; x_wconf 89' lang='lat'><strong>.</strong></span> <span class='ocrx_word' id='word_1_583' title='bbox 1206 2170 1373 2202; x_wconf 83' lang='lat' dir='ltr'><strong>episcopatu</strong></span> <span class='ocrx_word' id='word_1_584' title='bbox 1393 2168 1572 2193; x_wconf 86' lang='lat' dir='ltr'><strong>Bononiensi</strong></span> <span class='ocrx_word' id='word_1_585' title='bbox 1592 2169 1656 2194; x_wconf 73' lang='lat' dir='ltr'><strong>Dur.</strong></span> <span class='ocrx_word' id='word_1_586' title='bbox 1673 2169 1718 2194; x_wconf 72' lang='lat' dir='ltr'><strong>Ra</strong></span> <span class='ocrx_word' id='word_1_587' title='bbox 1736 2183 1769 2188; x_wconf 94' lang='lat'>—</span> <span class='ocrx_word' id='word_1_588' title='bbox 1790 2176 1832 2202; x_wconf 85' lang='lat'><strong>²9·</strong></span> <span class='ocrx_word' id='word_1_589' title='bbox 1846 2178 1948 2195; x_wconf 87' lang='lat' dir='ltr'><strong>crema-</strong></span> 
     </span>
    </p>
   </div>
   <div class='ocr_carea' id='block_1_29' title="bbox 1027 2210 1566 2245">
    <p class='ocr_par' dir='ltr' id='par_1_36' title="bbox 1027 2210 1566 2245">
     <span class='ocr_line' id='line_1_70' title="bbox 1027 2210 1566 2245; baseline 0.002 -10"><span class='ocrx_word' id='word_1_590' title='bbox 1027 2228 1051 2237; x_wconf 83' lang='lat'><strong>..</strong></span> <span class='ocrx_word' id='word_1_591' title='bbox 1064 2212 1121 2236; x_wconf 86' lang='lat' dir='ltr'><strong>fere</strong></span> <span class='ocrx_word' id='word_1_592' title='bbox 1140 2213 1314 2245; x_wconf 86' lang='lat' dir='ltr'><strong>quingentos</strong></span> <span class='ocrx_word' id='word_1_593' title='bbox 1334 2210 1420 2240; x_wconf 67' lang='lat' dir='ltr'><strong>UGH„</strong></span> <span class='ocrx_word' id='word_1_594' title='bbox 1440 2212 1503 2236; x_wconf 76' lang='lat' dir='ltr'><strong>Dm.</strong></span> <span class='ocrx_word' id='word_1_595' title='bbox 1522 2212 1566 2236; x_wconf 75' lang='lat' dir='ltr'><strong>Rs:</strong></span> 
     </span>
    </p>
   </div>
   <div class='ocr_carea' id='block_1_30' title="bbox 1047 2299 1946 3045">
    <p class='ocr_par' dir='ltr' id='par_1_37' title="bbox 1135 2299 1408 2333">
     <span class='ocr_line' id='line_1_71' title="bbox 1135 2299 1408 2333; baseline 0.004 -8"><span class='ocrx_word' id='word_1_596' title='bbox 1135 2299 1146 2317; x_wconf 87' lang='lat'>⁵</span> <span class='ocrx_word' id='word_1_597' title='bbox 1164 2301 1198 2326; x_wconf 91' lang='lat' dir='ltr'><strong>V.</strong></span> <span class='ocrx_word' id='word_1_598' title='bbox 1219 2309 1246 2333; x_wconf 86' lang='lat' dir='ltr'><strong>p.</strong></span> <span class='ocrx_word' id='word_1_599' title='bbox 1268 2307 1317 2332; x_wconf 90' lang='lat'><strong>199</strong></span> <span class='ocrx_word' id='word_1_600' title='bbox 1338 2309 1364 2326; x_wconf 91' lang='lat' dir='ltr'><strong>n.</strong></span> <span class='ocrx_word' id='word_1_601' title='bbox 1385 2307 1408 2333; x_wconf 85' lang='grc' dir='ltr'><strong>ς.</strong></span> 
     </span>
    </p>

    <p class='ocr_par' dir='ltr' id='par_1_38' title="bbox 1047 2342 1945 2460">
     <span class='ocr_line' id='line_1_72' title="bbox 1135 2342 1945 2377; baseline 0.002 -9"><span class='ocrx_word' id='word_1_602' title='bbox 1135 2342 1146 2359; x_wconf 83' lang='lat'><strong><em>⁶</em></strong></span> <span class='ocrx_word' id='word_1_603' title='bbox 1164 2343 1331 2368; x_wconf 85' lang='lat' dir='ltr'><strong>Senioretto</strong></span> <span class='ocrx_word' id='word_1_604' title='bbox 1349 2346 1428 2377; x_wconf 85' lang='lat' dir='ltr'><strong>prete</strong></span> <span class='ocrx_word' id='word_1_605' title='bbox 1445 2351 1460 2368; x_wconf 91' lang='lat' dir='ltr'><strong>e</strong></span> <span class='ocrx_word' id='word_1_606' title='bbox 1480 2351 1600 2368; x_wconf 80' lang='lat' dir='ltr'><strong>monaco</strong></span> <span class='ocrx_word' id='word_1_607' title='bbox 1614 2344 1639 2368; x_wconf 88' lang='lat' dir='ltr'><strong>sl</strong></span> <span class='ocrx_word' id='word_1_608' title='bbox 1652 2344 1688 2369; x_wconf 87' lang='lat' dir='ltr'><strong>ha</strong></span> <span class='ocrx_word' id='word_1_609' title='bbox 1702 2344 1730 2369; x_wconf 84' lang='lat' dir='ltr'><strong>la</strong></span> <span class='ocrx_word' id='word_1_610' title='bbox 1742 2343 1822 2369; x_wconf 84' lang='lat' dir='ltr'><strong>firma</strong></span> <span class='ocrx_word' id='word_1_611' title='bbox 1837 2346 1866 2369; x_wconf 87' lang='lat' dir='ltr'><strong>in</strong></span> <span class='ocrx_word' id='word_1_612' title='bbox 1881 2347 1945 2370; x_wconf 89' lang='lat' dir='ltr'><strong>atto</strong></span> 
     </span>
     <span class='ocr_line' id='line_1_73' title="bbox 1047 2385 1945 2418; baseline 0.002 -9"><span class='ocrx_word' id='word_1_613' title='bbox 1047 2385 1164 2417; x_wconf 84' lang='lat' dir='ltr'><strong>privato</strong></span> <span class='ocrx_word' id='word_1_614' title='bbox 1183 2385 1356 2417; x_wconf 83' lang='lat' dir='ltr'><strong>dell&#39;agosto</strong></span> <span class='ocrx_word' id='word_1_615' title='bbox 1380 2391 1460 2418; x_wconf 78' lang='lat'><em>12303</em></span> <span class='ocrx_word' id='word_1_616' title='bbox 1474 2386 1596 2418; x_wconf 69' lang='lat' dir='ltr'><strong>Rege-sto</strong></span> <span class='ocrx_word' id='word_1_617' title='bbox 1609 2385 1640 2410; x_wconf 79' lang='lat' dir='ltr'><strong>di</strong></span> <span class='ocrx_word' id='word_1_618' title='bbox 1656 2385 1808 2411; x_wconf 73' lang='grc' dir='ltr'><strong>ΤοΜΜΛεο</strong></span> <span class='ocrx_word' id='word_1_619' title='bbox 1826 2387 1945 2415; x_wconf 82' lang='lat' dir='ltr'><strong>Decano,</strong></span> 
     </span>
     <span class='ocr_line' id='line_1_74' title="bbox 1047 2426 1215 2460; baseline 0.012 -10"><span class='ocrx_word' id='word_1_620' title='bbox 1047 2428 1105 2457; x_wconf 68' lang='lat' dir='ltr'><strong>cit„</strong></span> <span class='ocrx_word' id='word_1_621' title='bbox 1125 2434 1152 2460; x_wconf 87' lang='lat' dir='ltr'><strong>p.</strong></span> <span class='ocrx_word' id='word_1_622' title='bbox 1171 2426 1215 2452; x_wconf 86' lang='lat'><strong>66.</strong></span> 
     </span>
    </p>

    <p class='ocr_par' dir='ltr' id='par_1_39' title="bbox 1047 2467 1946 2621">
     <span class='ocr_line' id='line_1_75' title="bbox 1135 2467 1945 2502; baseline 0.001 -9"><span class='ocrx_word' id='word_1_623' title='bbox 1135 2467 1146 2484; x_wconf 94' lang='lat'><em>⁷</em></span> <span class='ocrx_word' id='word_1_624' title='bbox 1165 2469 1292 2494; x_wconf 89' lang='lat' dir='ltr'><strong>Roberto</strong></span> <span class='ocrx_word' id='word_1_625' title='bbox 1311 2470 1345 2493; x_wconf 89' lang='lat' dir='ltr'><strong>de</strong></span> <span class='ocrx_word' id='word_1_626' title='bbox 1359 2469 1416 2494; x_wconf 85' lang='lat' dir='ltr'><strong>Ota</strong></span> <span class='ocrx_word' id='word_1_627' title='bbox 1429 2468 1510 2494; x_wconf 75' lang='lat' dir='ltr'><strong>firmo</strong></span> <span class='ocrx_word' id='word_1_628' title='bbox 1525 2470 1554 2493; x_wconf 91' lang='lat' dir='ltr'><strong>in</strong></span> <span class='ocrx_word' id='word_1_629' title='bbox 1568 2477 1606 2494; x_wconf 90' lang='lat' dir='ltr'><strong>un</strong></span> <span class='ocrx_word' id='word_1_630' title='bbox 1617 2471 1766 2494; x_wconf 85' lang='lat' dir='ltr'><strong>contratto</strong></span> <span class='ocrx_word' id='word_1_631' title='bbox 1781 2469 1827 2494; x_wconf 92' lang='lat' dir='ltr'><strong>del</strong></span> <span class='ocrx_word' id='word_1_632' title='bbox 1844 2477 1854 2494; x_wconf 84' lang='lat'>1</span> <span class='ocrx_word' id='word_1_633' title='bbox 1872 2478 1945 2502; x_wconf 86' lang='lat' dir='ltr'><strong>mag.</strong></span> 
     </span>
     <span class='ocr_line' id='line_1_76' title="bbox 1050 2511 1946 2544; baseline 0.001 -9"><span class='ocrx_word' id='word_1_634' title='bbox 1050 2511 1125 2543; x_wconf 90' lang='lat'><strong>1228,</strong></span> <span class='ocrx_word' id='word_1_635' title='bbox 1153 2519 1202 2544; x_wconf 85' lang='lat' dir='ltr'><strong>per</strong></span> <span class='ocrx_word' id='word_1_636' title='bbox 1227 2511 1363 2536; x_wconf 84' lang='lat' dir='ltr'><strong>mandato</strong></span> <span class='ocrx_word' id='word_1_637' title='bbox 1389 2511 1566 2541; x_wconf 79' lang='lat' dir='ltr'><strong>dell&#39;Abate;</strong></span> <span class='ocrx_word' id='word_1_638' title='bbox 1594 2513 1715 2544; x_wconf 72' lang='lat' dir='ltr'><strong>Regesto</strong></span> <span class='ocrx_word' id='word_1_639' title='bbox 1740 2513 1770 2536; x_wconf 87' lang='lat' dir='ltr'><strong>di</strong></span> <span class='ocrx_word' id='word_1_640' title='bbox 1794 2512 1946 2537; x_wconf 77' lang='lat' dir='ltr'>TOMMASO</span> 
     </span>
     <span class='ocr_line' id='line_1_77' title="bbox 1048 2553 1945 2588; baseline 0.001 -10"><span class='ocrx_word' id='word_1_641' title='bbox 1048 2555 1166 2586; x_wconf 80' lang='lat' dir='ltr'><strong>Decano,</strong></span> <span class='ocrx_word' id='word_1_642' title='bbox 1187 2554 1246 2585; x_wconf 63' lang='lat' dir='ltr'><strong>cit,</strong></span> <span class='ocrx_word' id='word_1_643' title='bbox 1265 2562 1291 2588; x_wconf 90' lang='lat' dir='ltr'><strong>p.</strong></span> <span class='ocrx_word' id='word_1_644' title='bbox 1311 2553 1355 2586; x_wconf 89' lang='lat'><strong>63.</strong></span> <span class='ocrx_word' id='word_1_645' title='bbox 1391 2555 1477 2588; x_wconf 87' lang='lat' dir='ltr'><strong>Degli</strong></span> <span class='ocrx_word' id='word_1_646' title='bbox 1499 2555 1569 2580; x_wconf 85' lang='lat' dir='ltr'><strong>altri</strong></span> <span class='ocrx_word' id='word_1_647' title='bbox 1589 2555 1660 2579; x_wconf 77' lang='lat' dir='ltr'><strong>frati</strong></span> <span class='ocrx_word' id='word_1_648' title='bbox 1680 2554 1869 2579; x_wconf 82' lang='lat' dir='ltr'><strong>nessun&#39;altra</strong></span> <span class='ocrx_word' id='word_1_649' title='bbox 1895 2562 1945 2579; x_wconf 90' lang='lat' dir='ltr'><strong>no-</strong></span> 
     </span>
     <span class='ocr_line' id='line_1_78' title="bbox 1047 2597 1131 2621; baseline 0 0"><span class='ocrx_word' id='word_1_650' title='bbox 1047 2597 1131 2621; x_wconf 78' lang='lat' dir='ltr'><strong>tizla.</strong></span> 
     </span>
    </p>

    <p class='ocr_par' dir='ltr' id='par_1_40' title="bbox 1049 2636 1946 3045">
     <span class='ocr_line' id='line_1_79' title="bbox 1134 2636 1945 2673; baseline 0 -10"><span class='ocrx_word' id='word_1_651' title='bbox 1134 2636 1146 2654; x_wconf 83' lang='lat'><strong>⁸</strong></span> <span class='ocrx_word' id='word_1_652' title='bbox 1168 2638 1223 2663; x_wconf 81' lang='lat' dir='ltr'><strong>“In</strong></span> <span class='ocrx_word' id='word_1_653' title='bbox 1243 2639 1346 2664; x_wconf 82' lang='lat' dir='ltr'><strong>ultima</strong></span> <span class='ocrx_word' id='word_1_654' title='bbox 1365 2639 1523 2664; x_wconf 81' lang='lat' dir='ltr'><strong>ebdomada</strong></span> <span class='ocrx_word' id='word_1_655' title='bbox 1544 2639 1619 2665; x_wconf 83' lang='lat' dir='ltr'><strong>iunii</strong></span> <span class='ocrx_word' id='word_1_656' title='bbox 1640 2638 1697 2672; x_wconf 82' lang='lat'>(28)</span> <span class='ocrx_word' id='word_1_657' title='bbox 1718 2640 1842 2671; x_wconf 86' lang='lat' dir='ltr'><strong>proximi</strong></span> <span class='ocrx_word' id='word_1_658' title='bbox 1858 2641 1945 2673; x_wconf 85' lang='lat' dir='ltr'><strong>impe-</strong></span> 
     </span>
     <span class='ocr_line' id='line_1_80' title="bbox 1050 2681 1946 2710; baseline 0 -4"><span class='ocrx_word' id='word_1_659' title='bbox 1050 2681 1154 2706; x_wconf 80' lang='lat' dir='ltr'><strong>“rator</strong></span> <span class='ocrx_word' id='word_1_660' title='bbox 1173 2689 1234 2706; x_wconf 89' lang='lat' dir='ltr'><strong>cum</strong></span> <span class='ocrx_word' id='word_1_661' title='bbox 1255 2682 1314 2706; x_wconf 82' lang='lat' dir='ltr'><strong>suis</strong></span> <span class='ocrx_word' id='word_1_662' title='bbox 1334 2682 1478 2706; x_wconf 85' lang='lat' dir='ltr'><strong>militibus</strong></span> <span class='ocrx_word' id='word_1_663' title='bbox 1503 2681 1701 2710; x_wconf 84' lang='lat' dir='ltr'><strong>Theutonicls.</strong></span> <span class='ocrx_word' id='word_1_664' title='bbox 1727 2689 1789 2706; x_wconf 89' lang='lat' dir='ltr'><strong>cum</strong></span> <span class='ocrx_word' id='word_1_665' title='bbox 1814 2681 1946 2706; x_wconf 84' lang='lat' dir='ltr'><strong>Parmen-</strong></span> 
     </span>
     <span class='ocr_line' id='line_1_81' title="bbox 1051 2723 1945 2756; baseline 0.001 -8"><span class='ocrx_word' id='word_1_666' title='bbox 1051 2723 1162 2753; x_wconf 79' lang='lat' dir='ltr'><strong>“sibus,</strong></span> <span class='ocrx_word' id='word_1_667' title='bbox 1182 2724 1404 2753; x_wconf 79' lang='lat' dir='ltr'><strong>Mutinensibus,</strong></span> <span class='ocrx_word' id='word_1_668' title='bbox 1424 2724 1543 2756; x_wconf 76' lang='lat' dir='ltr'><strong>Reginis</strong></span> <span class='ocrx_word' id='word_1_669' title='bbox 1564 2726 1649 2755; x_wconf 87' lang='lat' dir='ltr'><strong>atque</strong></span> <span class='ocrx_word' id='word_1_670' title='bbox 1669 2723 1811 2748; x_wconf 82' lang='lat' dir='ltr'><strong>militibus</strong></span> <span class='ocrx_word' id='word_1_671' title='bbox 1833 2724 1945 2753; x_wconf 85' lang='lat' dir='ltr'><strong>Tuscie,</strong></span> 
     </span>
     <span class='ocr_line' id='line_1_82' title="bbox 1051 2766 1945 2800; baseline 0.002 -10"><span class='ocrx_word' id='word_1_672' title='bbox 1051 2766 1183 2800; x_wconf 83' lang='lat' dir='ltr'><strong>“Apulie</strong></span> <span class='ocrx_word' id='word_1_673' title='bbox 1202 2769 1230 2792; x_wconf 91' lang='lat' dir='ltr'><strong>et</strong></span> <span class='ocrx_word' id='word_1_674' title='bbox 1247 2767 1314 2791; x_wconf 85' lang='lat' dir='ltr'><strong>aliis</strong></span> <span class='ocrx_word' id='word_1_675' title='bbox 1334 2768 1457 2792; x_wconf 81' lang='lat' dir='ltr'><strong>intravit</strong></span> <span class='ocrx_word' id='word_1_676' title='bbox 1484 2768 1513 2791; x_wconf 89' lang='lat' dir='ltr'><strong>in</strong></span> <span class='ocrx_word' id='word_1_677' title='bbox 1539 2768 1735 2800; x_wconf 80' lang='lat' dir='ltr'><strong>episcopatum</strong></span> <span class='ocrx_word' id='word_1_678' title='bbox 1763 2767 1893 2791; x_wconf 88' lang='lat' dir='ltr'><strong>Bononie</strong></span> <span class='ocrx_word' id='word_1_679' title='bbox 1917 2769 1945 2792; x_wconf 88' lang='lat' dir='ltr'><strong>et</strong></span> 
     </span>
     <span class='ocr_line' id='line_1_83' title="bbox 1049 2808 1945 2841; baseline 0.001 -8"><span class='ocrx_word' id='word_1_680' title='bbox 1049 2809 1190 2834; x_wconf 78' lang='lat' dir='ltr'><strong>“castella</strong></span> <span class='ocrx_word' id='word_1_681' title='bbox 1209 2809 1354 2834; x_wconf 86' lang='lat' dir='ltr'><strong>Plumacii</strong></span> <span class='ocrx_word' id='word_1_682' title='bbox 1372 2811 1400 2834; x_wconf 91' lang='lat' dir='ltr'><strong>et</strong></span> <span class='ocrx_word' id='word_1_683' title='bbox 1421 2808 1591 2833; x_wconf 82' lang='lat' dir='ltr'><strong>Crevacorls</strong></span> <span class='ocrx_word' id='word_1_684' title='bbox 1610 2810 1686 2841; x_wconf 89' lang='lat' dir='ltr'><strong>cepit</strong></span> <span class='ocrx_word' id='word_1_685' title='bbox 1705 2810 1733 2833; x_wconf 89' lang='lat' dir='ltr'><strong>et</strong></span> <span class='ocrx_word' id='word_1_686' title='bbox 1747 2809 1903 2841; x_wconf 87' lang='lat' dir='ltr'><strong>combuxit,</strong></span> <span class='ocrx_word' id='word_1_687' title='bbox 1918 2811 1945 2834; x_wconf 87' lang='lat' dir='ltr'><strong>et</strong></span> 
     </span>
     <span class='ocr_line' id='line_1_84' title="bbox 1051 2850 1944 2885; baseline 0 -9"><span class='ocrx_word' id='word_1_688' title='bbox 1051 2850 1152 2876; x_wconf 79' lang='lat' dir='ltr'><strong>“circa</strong></span> <span class='ocrx_word' id='word_1_689' title='bbox 1171 2852 1251 2876; x_wconf 88' lang='lat' dir='ltr'><strong>mille</strong></span> <span class='ocrx_word' id='word_1_690' title='bbox 1271 2852 1402 2885; x_wconf 83' lang='lat' dir='ltr'><strong>captivos</strong></span> <span class='ocrx_word' id='word_1_691' title='bbox 1422 2852 1453 2876; x_wconf 87' lang='lat' dir='ltr'><strong>ln</strong></span> <span class='ocrx_word' id='word_1_692' title='bbox 1472 2853 1542 2884; x_wconf 83' lang='lat' dir='ltr'><strong>ipsis</strong></span> <span class='ocrx_word' id='word_1_693' title='bbox 1556 2851 1683 2876; x_wconf 81' lang='lat' dir='ltr'><strong>castellis</strong></span> <span class='ocrx_word' id='word_1_694' title='bbox 1696 2853 1779 2884; x_wconf 76' lang='lat' dir='ltr'><strong>cepIt,</strong></span> <span class='ocrx_word' id='word_1_695' title='bbox 1799 2859 1870 2883; x_wconf 83' lang='lat' dir='ltr'><strong>quos</strong></span> <span class='ocrx_word' id='word_1_696' title='bbox 1884 2852 1944 2876; x_wconf 84' lang='lat' dir='ltr'><strong>Mu-</strong></span> 
     </span>
     <span class='ocr_line' id='line_1_85' title="bbox 1052 2891 1944 2928; baseline 0 -9"><span class='ocrx_word' id='word_1_697' title='bbox 1052 2894 1169 2919; x_wconf 71' lang='lat' dir='ltr'><strong>“tinam</strong></span> <span class='ocrx_word' id='word_1_698' title='bbox 1189 2897 1217 2919; x_wconf 89' lang='lat' dir='ltr'><strong>et</strong></span> <span class='ocrx_word' id='word_1_699' title='bbox 1238 2895 1358 2928; x_wconf 83' lang='lat' dir='ltr'><strong>Regium</strong></span> <span class='ocrx_word' id='word_1_700' title='bbox 1378 2894 1443 2919; x_wconf 88' lang='lat' dir='ltr'><strong>duci</strong></span> <span class='ocrx_word' id='word_1_701' title='bbox 1459 2895 1569 2925; x_wconf 77' lang='lat' dir='ltr'><strong>fecit„;</strong></span> <span class='ocrx_word' id='word_1_702' title='bbox 1589 2895 1710 2919; x_wconf 79' lang='lat' dir='ltr'><strong>Annales</strong></span> <span class='ocrx_word' id='word_1_703' title='bbox 1728 2891 1944 2925; x_wconf 68' lang='lat' dir='ltr'><strong>Placentini‚&#39;ad</strong></span> 
     </span>
     <span class='ocr_line' id='line_1_86' title="bbox 1050 2935 1944 2968; baseline 0 -8"><span class='ocrx_word' id='word_1_704' title='bbox 1050 2943 1074 2960; x_wconf 85' lang='lat' dir='ltr'><strong>a.</strong></span> <span class='ocrx_word' id='word_1_705' title='bbox 1096 2935 1155 2960; x_wconf 72' lang='lat' dir='ltr'><strong>“Et</strong></span> <span class='ocrx_word' id='word_1_706' title='bbox 1173 2943 1207 2960; x_wconf 88' lang='lat' dir='ltr'><strong>eo</strong></span> <span class='ocrx_word' id='word_1_707' title='bbox 1227 2943 1304 2960; x_wconf 82' lang='lat' dir='ltr'><strong>anno</strong></span> <span class='ocrx_word' id='word_1_708' title='bbox 1326 2937 1481 2968; x_wconf 85' lang='lat' dir='ltr'><strong>imperator</strong></span> <span class='ocrx_word' id='word_1_709' title='bbox 1500 2936 1665 2960; x_wconf 81' lang='lat' dir='ltr'><strong>Fredericus</strong></span> <span class='ocrx_word' id='word_1_710' title='bbox 1684 2936 1796 2961; x_wconf 74' lang='lat' dir='ltr'><strong>obsedit</strong></span> <span class='ocrx_word' id='word_1_711' title='bbox 1821 2936 1944 2960; x_wconf 76' lang='lat' dir='ltr'><strong>castrum</strong></span> 
     </span>
     <span class='ocr_line' id='line_1_87' title="bbox 1052 2977 1944 3011; baseline 0.002 -10"><span class='ocrx_word' id='word_1_712' title='bbox 1052 2977 1254 3002; x_wconf 72' lang='lat' dir='ltr'><strong>“plumacium</strong></span> <span class='ocrx_word' id='word_1_713' title='bbox 1279 2980 1307 3002; x_wconf 87' lang='lat' dir='ltr'><strong>et</strong></span> <span class='ocrx_word' id='word_1_714' title='bbox 1333 2977 1523 3002; x_wconf 80' lang='lat' dir='ltr'><strong>Crevacorum</strong></span> <span class='ocrx_word' id='word_1_715' title='bbox 1550 2978 1624 3010; x_wconf 91' lang='lat' dir='ltr'><strong>quod</strong></span> <span class='ocrx_word' id='word_1_716' title='bbox 1651 2980 1693 3002; x_wconf 80' lang='lat' dir='ltr'><strong>est</strong></span> <span class='ocrx_word' id='word_1_717' title='bbox 1719 2979 1748 3002; x_wconf 90' lang='lat' dir='ltr'><strong>ln</strong></span> <span class='ocrx_word' id='word_1_718' title='bbox 1777 2979 1944 3011; x_wconf 80' lang='lat' dir='ltr'><strong>episcopatu</strong></span> 
     </span>
     <span class='ocr_line' id='line_1_88' title="bbox 1052 3019 1944 3045; baseline 0.001 -1"><span class='ocrx_word' id='word_1_719' title='bbox 1052 3019 1207 3045; x_wconf 77' lang='lat' dir='ltr'><strong>“Bononie</strong></span> <span class='ocrx_word' id='word_1_720' title='bbox 1227 3028 1290 3045; x_wconf 89' lang='lat' dir='ltr'><strong>cum</strong></span> <span class='ocrx_word' id='word_1_721' title='bbox 1315 3020 1514 3045; x_wconf 81' lang='lat' dir='ltr'><strong>Parmensibus</strong></span> <span class='ocrx_word' id='word_1_722' title='bbox 1539 3023 1567 3044; x_wconf 89' lang='lat' dir='ltr'><strong>et</strong></span> <span class='ocrx_word' id='word_1_723' title='bbox 1592 3020 1805 3045; x_wconf 77' lang='lat' dir='ltr'><strong>Mutinensibus</strong></span> <span class='ocrx_word' id='word_1_724' title='bbox 1829 3022 1857 3045; x_wconf 89' lang='lat' dir='ltr'><strong>et</strong></span> <span class='ocrx_word' id='word_1_725' title='bbox 1882 3028 1944 3045; x_wconf 89' lang='lat' dir='ltr'><strong>cum</strong></span> 
     </span>
    </p>
   </div>
   <div class='ocr_carea' id='block_1_31' title="bbox 1975 947 2156 971">
    <p class='ocr_par' dir='ltr' id='par_1_41' title="bbox 1975 947 2156 971">
     <span class='ocr_line' id='line_1_89' title="bbox 1975 947 2156 971; baseline -0.006 -3"><span class='ocrx_word' id='word_1_726' title='bbox 1975 947 2056 968; x_wconf 76' lang='lat' dir='ltr'><strong>Ueneti</strong></span> <span class='ocrx_word' id='word_1_727' title='bbox 2069 948 2156 971; x_wconf 71' lang='lat' dir='ltr'><strong>recipis«</strong></span> 
     </span>
    </p>
   </div>
   <div class='ocr_carea' id='block_1_32' title="bbox 2000 975 2138 995">
    <p class='ocr_par' dir='ltr' id='par_1_42' title="bbox 2000 975 2138 995">
     <span class='ocr_line' id='line_1_90' title="bbox 2000 975 2138 995; baseline 0 -1"><span class='ocrx_word' id='word_1_728' title='bbox 2000 975 2138 995; x_wconf 79' lang='lat' dir='ltr'><strong>Ravennam.</strong></span> 
     </span>
    </p>
   </div>
   <div class='ocr_carea' id='block_1_33' title="bbox 1974 2348 2005 2374">
    <p class='ocr_par' dir='ltr' id='par_1_43' title="bbox 1974 2348 2005 2374">
     <span class='ocr_line' id='line_1_91' title="bbox 1974 2348 2005 2374; baseline 0 0"><span class='ocrx_word' id='word_1_729' title='bbox 1974 2348 2005 2374; x_wconf 82' lang='lat'><strong>²5</strong></span> 
     </span>
    </p>
   </div>
   <div class='ocr_carea' id='block_1_34' title="bbox 1974 2564 2066 2589">
    <p class='ocr_par' dir='ltr' id='par_1_44' title="bbox 1974 2564 2066 2589">
     <span class='ocr_line' id='line_1_92' title="bbox 1974 2564 2066 2589; baseline -0.011 -8"><span class='ocrx_word' id='word_1_730' title='bbox 1974 2564 2066 2589; x_wconf 90' lang='lat'><strong>30.</strong></span> 
     </span>
    </p>
   </div>
   <div class='ocr_carea' id='block_1_35' title="bbox 1972 2773 2005 2798">
    <p class='ocr_par' dir='ltr' id='par_1_45' title="bbox 1972 2773 2005 2798">
     <span class='ocr_line' id='line_1_93' title="bbox 1972 2773 2005 2798; baseline 0 0"><span class='ocrx_word' id='word_1_731' title='bbox 1972 2773 2005 2798; x_wconf 85' lang='lat'><strong>35</strong></span> 
     </span>
    </p>
   </div>
   <div class='ocr_carea' id='block_1_36' title="bbox 1972 2986 2007 3012">
    <p class='ocr_par' dir='ltr' id='par_1_46' title="bbox 1972 2986 2007 3012">
     <span class='ocr_line' id='line_1_94' title="bbox 1972 2986 2007 3012; baseline 0 -8"><span class='ocrx_word' id='word_1_732' title='bbox 1972 2986 2007 3012; x_wconf 85' lang='lat'><strong>4⁰</strong></span> 
     </span>
    </p>
   </div>
   <div class='ocr_carea' id='block_1_37' title="bbox 1867 229 2185 263">
    <p class='ocr_par' dir='ltr' id='par_1_47' title="bbox 1867 229 2185 263">
     <span class='ocr_line' id='line_1_95' title="bbox 1867 229 2185 263; baseline -0.019 0"><span class='ocrx_word' id='word_1_733' title='bbox 1867 229 1938 263; x_wconf 81' lang='lat'><strong>201</strong></span> <span class='ocrx_word' id='word_1_734' title='bbox 1955 239 2032 263; x_wconf 70' lang='lat' dir='ltr'><strong>Mun..</strong></span> <span class='ocrx_word' id='word_1_735' title='bbox 2048 244 2081 260; x_wconf 84' lang='lat' dir='ltr'><strong>ec.</strong></span> <span class='ocrx_word' id='word_1_736' title='bbox 2099 244 2185 263; x_wconf 65' lang='lat' dir='ltr'><strong>ruz-43</strong></span> 
     </span>
    </p>
   </div>
   <div class='ocr_carea' id='block_1_38' title="bbox 2159 949 2183 968">
    <p class='ocr_par' dir='ltr' id='par_1_48' title="bbox 2159 949 2183 968">
     <span class='ocr_line' id='line_1_96' title="bbox 2159 949 2183 968; baseline 0.042 -1"><span class='ocrx_word' id='word_1_737' title='bbox 2159 949 2183 968; x_wconf 74' lang='lat' dir='ltr'><strong>nt</strong></span> 
     </span>
    </p>
   </div>
  </div>
 </body>
</html>
