<?xml version="1.0" encoding="UTF-8"?>
<!DOCTYPE html PUBLIC "-//W3C//DTD XHTML 1.0 Transitional//EN"
    "http://www.w3.org/TR/xhtml1/DTD/xhtml1-transitional.dtd">
<html xmlns="http://www.w3.org/1999/xhtml" xml:lang="en" lang="en">
 <head>
  <title>
</title>
<meta http-equiv="Content-Type" content="text/html;charset=utf-8" />
  <meta name='ocr-system' content='tesseract 3.04.00' />
  <meta name='ocr-capabilities' content='ocr_page ocr_carea ocr_par ocr_line ocrx_word'/>
</head>
<body>
  <div class='ocr_page' id='page_1' title='image "./rerumitalicarums72murauoft_0103.png"; bbox 0 0 2320 3444; ppageno 0'>
   <div class='ocr_carea' id='block_1_1' title="bbox 0 0 92 1011">
    <p class='ocr_par' dir='ltr' id='par_1_1' title="bbox 0 0 92 1011">
     <span class='ocr_line' id='line_1_1' title="bbox 0 0 92 1011; baseline 0 0"><span class='ocrx_word' id='word_1_1' title='bbox 0 0 92 1011; x_wconf 95' lang='lat' dir='ltr'><strong> </strong></span> 
     </span>
    </p>
   </div>
   <div class='ocr_carea' id='block_1_2' title="bbox 160 234 326 271">
    <p class='ocr_par' dir='ltr' id='par_1_2' title="bbox 160 234 326 271">
     <span class='ocr_line' id='line_1_2' title="bbox 160 234 326 271; baseline 0 -9"><span class='ocrx_word' id='word_1_2' title='bbox 160 234 212 271; x_wconf 77' lang='grc' dir='ltr'><strong>[Α.</strong></span> <span class='ocrx_word' id='word_1_3' title='bbox 233 235 326 270; x_wconf 77' lang='lat'><strong>1208]</strong></span> 
     </span>
    </p>
   </div>
   <div class='ocr_carea' id='block_1_3' title="bbox 933 229 1223 266">
    <p class='ocr_par' dir='ltr' id='par_1_3' title="bbox 933 229 1223 266">
     <span class='ocr_line' id='line_1_3' title="bbox 933 229 1223 266; baseline 0.003 -1"><span class='ocrx_word' id='word_1_4' title='bbox 933 229 1223 266; x_wconf 91' lang='lat' dir='ltr'>CHRONICA</span> 
     </span>
    </p>
   </div>
   <div class='ocr_carea' id='block_1_4' title="bbox 147 361 994 934">
    <p class='ocr_par' dir='ltr' id='par_1_4' title="bbox 147 361 994 934">
     <span class='ocr_line' id='line_1_4' title="bbox 152 361 994 405; baseline -0.001 -10"><span class='ocrx_word' id='word_1_5' title='bbox 152 361 314 395; x_wconf 85' lang='lat' dir='ltr'><strong>Casinum</strong></span> <span class='ocrx_word' id='word_1_6' title='bbox 336 362 400 395; x_wconf 80' lang='lat' dir='ltr'><strong>sub</strong></span> <span class='ocrx_word' id='word_1_7' title='bbox 423 361 586 405; x_wconf 88' lang='lat' dir='ltr'><strong>deposito</strong></span> <span class='ocrx_word' id='word_1_8' title='bbox 608 367 692 394; x_wconf 88' lang='lat' dir='ltr'><strong>tunc</strong></span> <span class='ocrx_word' id='word_1_9' title='bbox 713 361 847 395; x_wconf 84' lang='lat' dir='ltr'><strong>relicta.</strong></span> <span class='ocrx_word' id='word_1_10' title='bbox 891 362 994 395; x_wconf 91' lang='lat' dir='ltr'><strong>Tunc</strong></span> 
     </span>
     <span class='ocr_line' id='line_1_5' title="bbox 150 412 994 456; baseline 0 -11"><span class='ocrx_word' id='word_1_11' title='bbox 150 412 296 456; x_wconf 83' lang='lat' dir='ltr'><strong>simplex</strong></span> <span class='ocrx_word' id='word_1_12' title='bbox 310 412 535 455; x_wconf 86' lang='lat' dir='ltr'><strong>m[onachu]s,</strong></span> <span class='ocrx_word' id='word_1_13' title='bbox 550 413 580 446; x_wconf 88' lang='lat' dir='ltr'><strong>is</strong></span> <span class='ocrx_word' id='word_1_14' title='bbox 595 423 698 456; x_wconf 88' lang='lat' dir='ltr'><strong>quem</strong></span> <span class='ocrx_word' id='word_1_15' title='bbox 714 413 903 456; x_wconf 74' lang='lat' dir='ltr'>prephatus</span> <span class='ocrx_word' id='word_1_16' title='bbox 918 423 994 445; x_wconf 88' lang='lat' dir='ltr'><strong>sum</strong></span> 
     </span>
     <span class='ocr_line' id='line_1_6' title="bbox 150 465 993 508; baseline -0.001 -9"><span class='ocrx_word' id='word_1_17' title='bbox 150 466 360 508; x_wconf 73' lang='lat' dir='ltr'><strong>Stephanae,</strong></span> <span class='ocrx_word' id='word_1_18' title='bbox 382 466 504 499; x_wconf 90' lang='lat' dir='ltr'><strong>merito</strong></span> <span class='ocrx_word' id='word_1_19' title='bbox 527 476 588 499; x_wconf 89' lang='lat' dir='ltr'><strong>sue</strong></span> <span class='ocrx_word' id='word_1_20' title='bbox 611 466 777 499; x_wconf 88' lang='lat' dir='ltr'><strong>bonitatis</strong></span> <span class='ocrx_word' id='word_1_21' title='bbox 800 465 844 498; x_wconf 87' lang='lat' dir='ltr'><strong>ab</strong></span> <span class='ocrx_word' id='word_1_22' title='bbox 867 465 993 499; x_wconf 84' lang='lat' dir='ltr'><strong>abbate</strong></span> 
     </span>
     <span class='ocr_line' id='line_1_7' title="bbox 148 518 992 553; baseline -0.004 0"><span class='ocrx_word' id='word_1_23' title='bbox 148 519 320 553; x_wconf 77' lang='lat' dir='ltr'><strong>Roffrido</strong></span> <span class='ocrx_word' id='word_1_24' title='bbox 342 519 542 552; x_wconf 85' lang='lat' dir='ltr'><strong>Casinensis</strong></span> <span class='ocrx_word' id='word_1_25' title='bbox 558 519 770 552; x_wconf 87' lang='lat' dir='ltr'><strong>camerarius</strong></span> <span class='ocrx_word' id='word_1_26' title='bbox 785 518 992 551; x_wconf 83' lang='lat' dir='ltr'><strong>costituitur.</strong></span> 
     </span>
     <span class='ocr_line' id='line_1_8' title="bbox 149 571 992 615; baseline -0.002 -9"><span class='ocrx_word' id='word_1_27' title='bbox 149 573 203 606; x_wconf 86' lang='lat' dir='ltr'><strong>Eo</strong></span> <span class='ocrx_word' id='word_1_28' title='bbox 236 582 329 605; x_wconf 90' lang='lat' dir='ltr'><strong>anno</strong></span> <span class='ocrx_word' id='word_1_29' title='bbox 361 572 549 615; x_wconf 76' lang='lat' dir='ltr'><strong>Philippus</strong></span> <span class='ocrx_word' id='word_1_30' title='bbox 581 582 644 605; x_wconf 85' lang='lat' dir='ltr'><strong>rex</strong></span> <span class='ocrx_word' id='word_1_31' title='bbox 678 571 871 610; x_wconf 87' lang='lat' dir='ltr'><strong>Alamanie,</strong></span> <span class='ocrx_word' id='word_1_32' title='bbox 906 571 992 605; x_wconf 86' lang='lat' dir='ltr'><strong>dicti</strong></span> 
     </span>
     <span class='ocr_line' id='line_1_9' title="bbox 147 624 992 670; baseline -0.001 -13"><span class='ocrx_word' id='word_1_33' title='bbox 147 624 356 668; x_wconf 88' lang='lat' dir='ltr'><strong>F[rederici]</strong></span> <span class='ocrx_word' id='word_1_34' title='bbox 378 625 472 670; x_wconf 85' lang='lat' dir='ltr'><strong>regis</strong></span> <span class='ocrx_word' id='word_1_35' title='bbox 494 631 648 668; x_wconf 83' lang='lat' dir='ltr'><strong>patruus,</strong></span> <span class='ocrx_word' id='word_1_36' title='bbox 670 637 691 658; x_wconf 85' lang='lat' dir='ltr'><strong>a</strong></span> <span class='ocrx_word' id='word_1_37' title='bbox 713 625 784 658; x_wconf 86' lang='lat' dir='ltr'><strong>suis</strong></span> <span class='ocrx_word' id='word_1_38' title='bbox 814 625 992 658; x_wconf 84' lang='lat' dir='ltr'><strong>nuntiatur</strong></span> 
     </span>
     <span class='ocr_line' id='line_1_10' title="bbox 149 677 992 722; baseline -0.001 -11"><span class='ocrx_word' id='word_1_39' title='bbox 149 679 286 712; x_wconf 89' lang='lat' dir='ltr'><strong>occisus</strong></span> <span class='ocrx_word' id='word_1_40' title='bbox 298 677 319 711; x_wconf 82' lang='lat'><strong>².</strong></span> <span class='ocrx_word' id='word_1_41' title='bbox 343 678 540 712; x_wconf 87' lang='lat' dir='ltr'><strong>Riccardus</strong></span> <span class='ocrx_word' id='word_1_42' title='bbox 552 678 596 711; x_wconf 89' lang='lat' dir='ltr'><strong>de</strong></span> <span class='ocrx_word' id='word_1_43' title='bbox 608 677 738 722; x_wconf 86' lang='lat' dir='ltr'><strong>Aquila</strong></span> <span class='ocrx_word' id='word_1_44' title='bbox 751 687 880 717; x_wconf 86' lang='lat' dir='ltr'><strong>comes,</strong></span> <span class='ocrx_word' id='word_1_45' title='bbox 894 677 992 711; x_wconf 90' lang='lat' dir='ltr'><strong>cuius</strong></span> 
     </span>
     <span class='ocr_line' id='line_1_11' title="bbox 147 730 990 773; baseline -0.002 -8"><span class='ocrx_word' id='word_1_46' title='bbox 147 732 267 765; x_wconf 74' lang='lat' dir='ltr'><strong>fratris</strong></span> <span class='ocrx_word' id='word_1_47' title='bbox 289 732 362 765; x_wconf 77' lang='lat' dir='ltr'><strong>feci</strong></span> <span class='ocrx_word' id='word_1_48' title='bbox 385 732 597 770; x_wconf 81' lang='lat' dir='ltr'><strong>memoriam,</strong></span> <span class='ocrx_word' id='word_1_49' title='bbox 622 730 859 773; x_wconf 86' lang='lat' dir='ltr'><strong>a[u]ctoritate</strong></span> <span class='ocrx_word' id='word_1_50' title='bbox 890 737 926 764; x_wconf 90' lang='lat' dir='ltr'><strong>et</strong></span> <span class='ocrx_word' id='word_1_51' title='bbox 955 730 990 763; x_wconf 91' lang='lat' dir='ltr'><strong>ui</strong></span> 
     </span>
     <span class='ocr_line' id='line_1_12' title="bbox 147 783 992 827; baseline -0.002 -9"><span class='ocrx_word' id='word_1_52' title='bbox 147 786 257 819; x_wconf 76' lang='lat' dir='ltr'><strong>fretus</strong></span> <span class='ocrx_word' id='word_1_53' title='bbox 279 785 417 819; x_wconf 77' lang='lat' dir='ltr'><strong>comitis</strong></span> <span class='ocrx_word' id='word_1_54' title='bbox 437 783 616 827; x_wconf 88' lang='lat' dir='ltr'><strong>Diopuldi‚</strong></span> <span class='ocrx_word' id='word_1_55' title='bbox 639 783 795 827; x_wconf 82' lang='lat' dir='ltr'><strong>Capuam</strong></span> <span class='ocrx_word' id='word_1_56' title='bbox 818 783 956 827; x_wconf 88' lang='lat' dir='ltr'><strong>recipit,</strong></span> <span class='ocrx_word' id='word_1_57' title='bbox 972 794 992 816; x_wconf 85' lang='lat' dir='ltr'><strong>a</strong></span> 
     </span>
     <span class='ocr_line' id='line_1_13' title="bbox 147 837 991 881; baseline -0.001 -10"><span class='ocrx_word' id='word_1_58' title='bbox 147 838 322 881; x_wconf 87' lang='lat' dir='ltr'><strong>Capuanis</strong></span> <span class='ocrx_word' id='word_1_59' title='bbox 343 844 487 871; x_wconf 87' lang='lat' dir='ltr'><strong>uocatus</strong></span> <span class='ocrx_word' id='word_1_60' title='bbox 514 837 550 870; x_wconf 90' lang='lat' dir='ltr'><strong>in</strong></span> <span class='ocrx_word' id='word_1_61' title='bbox 582 837 700 870; x_wconf 90' lang='lat' dir='ltr'><strong>odium</strong></span> <span class='ocrx_word' id='word_1_62' title='bbox 727 837 863 870; x_wconf 86' lang='lat' dir='ltr'><strong>comitis</strong></span> <span class='ocrx_word' id='word_1_63' title='bbox 893 837 991 870; x_wconf 89' lang='lat' dir='ltr'><strong>Petri</strong></span> 
     </span>
     <span class='ocr_line' id='line_1_14' title="bbox 147 889 991 934; baseline -0.002 -9"><span class='ocrx_word' id='word_1_64' title='bbox 147 891 193 925; x_wconf 89' lang='lat' dir='ltr'><strong>de</strong></span> <span class='ocrx_word' id='word_1_65' title='bbox 213 891 358 925; x_wconf 85' lang='lat' dir='ltr'><strong>Celano.</strong></span> <span class='ocrx_word' id='word_1_66' title='bbox 405 889 477 929; x_wconf 89' lang='lat' dir='ltr'><strong>Qui</strong></span> <span class='ocrx_word' id='word_1_67' title='bbox 491 890 711 934; x_wconf 86' lang='lat' dir='ltr'><strong>postmodum</strong></span> <span class='ocrx_word' id='word_1_68' title='bbox 727 900 804 923; x_wconf 91' lang='lat' dir='ltr'><strong>cum</strong></span> <span class='ocrx_word' id='word_1_69' title='bbox 820 891 991 934; x_wconf 84' lang='lat' dir='ltr'><strong>prephato</strong></span> 
     </span>
    </p>
   </div>
   <div class='ocr_carea' id='block_1_5' title="bbox 47 931 991 988">
    <p class='ocr_par' dir='ltr' id='par_1_5' title="bbox 47 931 991 988">
     <span class='ocr_line' id='line_1_15' title="bbox 47 931 991 988; baseline -0.002 -10"><span class='ocrx_word' id='word_1_70' title='bbox 47 931 54 978; x_wconf 33' lang='grc' dir='ltr'><strong>ἶ.</strong></span> <span class='ocrx_word' id='word_1_71' title='bbox 68 953 90 972; x_wconf 71' lang='grc' dir='ltr'><strong>ι’·</strong></span> <span class='ocrx_word' id='word_1_72' title='bbox 98 953 138 974; x_wconf 84' lang='lat'><strong>107</strong></span> <span class='ocrx_word' id='word_1_73' title='bbox 147 945 274 978; x_wconf 84' lang='lat' dir='ltr'><strong>comite</strong></span> <span class='ocrx_word' id='word_1_74' title='bbox 296 944 475 988; x_wconf 90' lang='lat' dir='ltr'><strong>Diopuldo</strong></span> <span class='ocrx_word' id='word_1_75' title='bbox 498 942 689 982; x_wconf 70' lang='lat' dir='ltr'><strong>contraxit:</strong></span> <span class='ocrx_word' id='word_1_76' title='bbox 704 944 909 987; x_wconf 82' lang='lat' dir='ltr'><strong>recepitque</strong></span> <span class='ocrx_word' id='word_1_77' title='bbox 933 953 991 976; x_wconf 92' lang='lat' dir='ltr'><strong>ca-</strong></span> 
     </span>
    </p>
   </div>
   <div class='ocr_carea' id='block_1_6' title="bbox 145 996 991 1200">
    <p class='ocr_par' dir='ltr' id='par_1_6' title="bbox 145 996 991 1200">
     <span class='ocr_line' id='line_1_16' title="bbox 146 996 990 1040; baseline -0.002 -9"><span class='ocrx_word' id='word_1_78' title='bbox 146 998 283 1031; x_wconf 81' lang='lat' dir='ltr'><strong>stellum</strong></span> <span class='ocrx_word' id='word_1_79' title='bbox 306 998 427 1040; x_wconf 87' lang='lat' dir='ltr'><strong>Capue</strong></span> <span class='ocrx_word' id='word_1_80' title='bbox 449 1009 471 1030; x_wconf 87' lang='lat' dir='ltr'><strong>a</strong></span> <span class='ocrx_word' id='word_1_81' title='bbox 492 997 616 1031; x_wconf 86' lang='lat' dir='ltr'><strong>Leone</strong></span> <span class='ocrx_word' id='word_1_82' title='bbox 641 998 685 1030; x_wconf 92' lang='lat' dir='ltr'><strong>de</strong></span> <span class='ocrx_word' id='word_1_83' title='bbox 711 997 848 1031; x_wconf 88' lang='lat' dir='ltr'><strong>Andria</strong></span> <span class='ocrx_word' id='word_1_84' title='bbox 864 996 990 1030; x_wconf 84' lang='lat' dir='ltr'><strong>castel-</strong></span> 
     </span>
     <span class='ocr_line' id='line_1_17' title="bbox 145 1050 990 1095; baseline -0.002 -10"><span class='ocrx_word' id='word_1_85' title='bbox 145 1051 226 1085; x_wconf 84' lang='lat' dir='ltr'><strong>lano</strong></span> <span class='ocrx_word' id='word_1_86' title='bbox 237 1050 260 1090; x_wconf 75' lang='lat'><strong>²,</strong></span> <span class='ocrx_word' id='word_1_87' title='bbox 282 1051 351 1084; x_wconf 87' lang='lat' dir='ltr'><strong>hoc</strong></span> <span class='ocrx_word' id='word_1_88' title='bbox 372 1051 560 1095; x_wconf 89' lang='lat' dir='ltr'><strong>Raynaldo</strong></span> <span class='ocrx_word' id='word_1_89' title='bbox 577 1061 736 1093; x_wconf 83' lang='lat' dir='ltr'><strong>capuano</strong></span> <span class='ocrx_word' id='word_1_90' title='bbox 751 1051 990 1093; x_wconf 87' lang='lat' dir='ltr'><strong>archiepisco-</strong></span> 
     </span>
     <span class='ocr_line' id='line_1_18' title="bbox 146 1103 991 1148; baseline 0 -12"><span class='ocrx_word' id='word_1_91' title='bbox 146 1115 194 1148; x_wconf 90' lang='lat' dir='ltr'><strong>po</strong></span> <span class='ocrx_word' id='word_1_92' title='bbox 215 1104 288 1137; x_wconf 89' lang='lat' dir='ltr'><strong>filio</strong></span> <span class='ocrx_word' id='word_1_93' title='bbox 311 1104 397 1137; x_wconf 90' lang='lat' dir='ltr'><strong>dicti</strong></span> <span class='ocrx_word' id='word_1_94' title='bbox 420 1103 544 1136; x_wconf 88' lang='lat' dir='ltr'><strong>Celani</strong></span> <span class='ocrx_word' id='word_1_95' title='bbox 559 1104 695 1137; x_wconf 86' lang='lat' dir='ltr'><strong>comitis</strong></span> <span class='ocrx_word' id='word_1_96' title='bbox 711 1110 940 1146; x_wconf 87' lang='lat' dir='ltr'><strong>procurante;</strong></span> <span class='ocrx_word' id='word_1_97' title='bbox 955 1109 991 1136; x_wconf 88' lang='lat' dir='ltr'><strong>et</strong></span> 
     </span>
     <span class='ocr_line' id='line_1_19' title="bbox 146 1157 961 1200; baseline 0 -10"><span class='ocrx_word' id='word_1_98' title='bbox 146 1158 261 1191; x_wconf 88' lang='lat' dir='ltr'><strong>Fundi</strong></span> <span class='ocrx_word' id='word_1_99' title='bbox 284 1167 402 1191; x_wconf 86' lang='lat' dir='ltr'><strong>comes</strong></span> <span class='ocrx_word' id='word_1_100' title='bbox 422 1162 534 1191; x_wconf 88' lang='lat' dir='ltr'><strong>metus</strong></span> <span class='ocrx_word' id='word_1_101' title='bbox 557 1167 662 1190; x_wconf 88' lang='lat' dir='ltr'><strong>causa</strong></span> <span class='ocrx_word' id='word_1_102' title='bbox 684 1157 840 1200; x_wconf 80' lang='lat' dir='ltr'><strong>Capuam</strong></span> <span class='ocrx_word' id='word_1_103' title='bbox 865 1157 961 1190; x_wconf 88' lang='lat' dir='ltr'><strong>exiit.</strong></span> 
     </span>
    </p>
   </div>
   <div class='ocr_carea' id='block_1_7' title="bbox 145 2469 356 2477">
    <p class='ocr_par' dir='ltr' id='par_1_7' title="bbox 145 2469 356 2477">
     <span class='ocr_line' id='line_1_20' title="bbox 145 2469 356 2477; baseline 0 0"><span class='ocrx_word' id='word_1_104' title='bbox 145 2469 356 2477; x_wconf 95' lang='lat' dir='ltr'><strong> </strong></span> 
     </span>
    </p>
   </div>
   <div class='ocr_carea' id='block_1_8' title="bbox 234 2517 583 2550">
    <p class='ocr_par' dir='ltr' id='par_1_8' title="bbox 234 2517 583 2550">
     <span class='ocr_line' id='line_1_21' title="bbox 234 2517 583 2550; baseline 0.003 -8"><span class='ocrx_word' id='word_1_105' title='bbox 234 2523 259 2542; x_wconf 81' lang='lat'><strong>2.</strong></span> <span class='ocrx_word' id='word_1_106' title='bbox 277 2523 332 2550; x_wconf 90' lang='lat' dir='ltr'><strong>que</strong></span> <span class='ocrx_word' id='word_1_107' title='bbox 349 2525 398 2543; x_wconf 81' lang='lat' dir='ltr'><strong>non</strong></span> <span class='ocrx_word' id='word_1_108' title='bbox 417 2524 498 2550; x_wconf 86' lang='lat' dir='ltr'><strong>quem</strong></span> <span class='ocrx_word' id='word_1_109' title='bbox 520 2517 583 2543; x_wconf 83' lang='lat' dir='ltr'><strong>Cod.</strong></span> 
     </span>
    </p>
   </div>
   <div class='ocr_carea' id='block_1_9' title="bbox 1058 842 1096 874">
    <p class='ocr_par' dir='ltr' id='par_1_9' title="bbox 1058 842 1096 874">
     <span class='ocr_line' id='line_1_22' title="bbox 1058 842 1096 874; baseline 0 0"><span class='ocrx_word' id='word_1_110' title='bbox 1058 842 1096 874; x_wconf 90' lang='lat'><strong>10</strong></span> 
     </span>
    </p>
   </div>
   <div class='ocr_carea' id='block_1_10' title="bbox 1057 1109 1094 1142">
    <p class='ocr_par' dir='ltr' id='par_1_10' title="bbox 1057 1109 1094 1142">
     <span class='ocr_line' id='line_1_23' title="bbox 1057 1109 1094 1142; baseline 0 0"><span class='ocrx_word' id='word_1_111' title='bbox 1057 1109 1094 1142; x_wconf 88' lang='lat'><strong>15</strong></span> 
     </span>
    </p>
   </div>
   <div class='ocr_carea' id='block_1_11' title="bbox 1052 1379 1094 1411">
    <p class='ocr_par' dir='ltr' id='par_1_11' title="bbox 1052 1379 1094 1411">
     <span class='ocr_line' id='line_1_24' title="bbox 1052 1379 1094 1411; baseline 0.024 -1"><span class='ocrx_word' id='word_1_112' title='bbox 1052 1379 1094 1411; x_wconf 91' lang='lat'><strong>20</strong></span> 
     </span>
    </p>
   </div>
   <div class='ocr_carea' id='block_1_12' title="bbox 1050 1644 1091 1677">
    <p class='ocr_par' dir='ltr' id='par_1_12' title="bbox 1050 1644 1091 1677">
     <span class='ocr_line' id='line_1_25' title="bbox 1050 1644 1091 1677; baseline 0 0"><span class='ocrx_word' id='word_1_113' title='bbox 1050 1644 1091 1677; x_wconf 89' lang='lat'><strong>25</strong></span> 
     </span>
    </p>
   </div>
   <div class='ocr_carea' id='block_1_13' title="bbox 1049 1914 1091 1946">
    <p class='ocr_par' dir='ltr' id='par_1_13' title="bbox 1049 1914 1091 1946">
     <span class='ocr_line' id='line_1_26' title="bbox 1049 1914 1091 1946; baseline -0.024 0"><span class='ocrx_word' id='word_1_114' title='bbox 1049 1914 1091 1946; x_wconf 87' lang='grc'><strong>30</strong></span> 
     </span>
    </p>
   </div>
   <div class='ocr_carea' id='block_1_14' title="bbox 1049 2181 1090 2213">
    <p class='ocr_par' dir='ltr' id='par_1_14' title="bbox 1049 2181 1090 2213">
     <span class='ocr_line' id='line_1_27' title="bbox 1049 2181 1090 2213; baseline 0.024 -1"><span class='ocrx_word' id='word_1_115' title='bbox 1049 2181 1090 2213; x_wconf 88' lang='grc'><strong>35</strong></span> 
     </span>
    </p>
   </div>
   <div class='ocr_carea' id='block_1_15' title="bbox 1154 363 1998 993">
    <p class='ocr_par' dir='ltr' id='par_1_15' title="bbox 1154 363 1998 993">
     <span class='ocr_line' id='line_1_28' title="bbox 1155 363 1996 408; baseline 0 -12"><span class='ocrx_word' id='word_1_116' title='bbox 1155 363 1361 397; x_wconf 83' lang='lat' dir='ltr'><strong>defensione</strong></span> <span class='ocrx_word' id='word_1_117' title='bbox 1384 364 1482 408; x_wconf 89' lang='lat' dir='ltr'><strong>regni</strong></span> <span class='ocrx_word' id='word_1_118' title='bbox 1513 364 1550 397; x_wconf 93' lang='lat' dir='ltr'><strong>in</strong></span> <span class='ocrx_word' id='word_1_119' title='bbox 1580 364 1675 397; x_wconf 90' lang='lat' dir='ltr'><strong>hunc</strong></span> <span class='ocrx_word' id='word_1_120' title='bbox 1705 364 1844 397; x_wconf 90' lang='lat' dir='ltr'><strong>modum</strong></span> <span class='ocrx_word' id='word_1_121' title='bbox 1872 364 1996 397; x_wconf 90' lang='lat' dir='ltr'><strong>uideli-</strong></span> 
     </span>
     <span class='ocr_line' id='line_1_29' title="bbox 1154 416 1996 461; baseline 0.002 -13"><span class='ocrx_word' id='word_1_122' title='bbox 1154 422 1228 449; x_wconf 89' lang='lat' dir='ltr'><strong>cet:</strong></span> <span class='ocrx_word' id='word_1_123' title='bbox 1256 417 1271 433; x_wconf 88' lang='lat'>“</span> <span class='ocrx_word' id='word_1_124' title='bbox 1286 416 1335 450; x_wconf 88' lang='lat' dir='ltr'><strong>Ut</strong></span> <span class='ocrx_word' id='word_1_125' title='bbox 1356 417 1423 460; x_wconf 87' lang='lat' dir='ltr'><strong>ipsi</strong></span> <span class='ocrx_word' id='word_1_126' title='bbox 1447 419 1590 451; x_wconf 82' lang='lat' dir='ltr'><strong>comites</strong></span> <span class='ocrx_word' id='word_1_127' title='bbox 1614 418 1682 450; x_wconf 86' lang='lat' dir='ltr'><strong>sint</strong></span> <span class='ocrx_word' id='word_1_128' title='bbox 1710 417 1866 461; x_wconf 84' lang='lat' dir='ltr'><strong>magistri</strong></span> <span class='ocrx_word' id='word_1_129' title='bbox 1890 417 1996 460; x_wconf 82' lang='lat' dir='ltr'><strong>Capi-</strong></span> 
     </span>
     <span class='ocr_line' id='line_1_30' title="bbox 1157 469 1998 514; baseline 0.002 -12"><span class='ocrx_word' id='word_1_130' title='bbox 1157 469 1172 486; x_wconf 83' lang='lat'><strong>“</strong></span> <span class='ocrx_word' id='word_1_131' title='bbox 1186 470 1278 502; x_wconf 88' lang='lat' dir='ltr'><strong>tanei</strong></span> <span class='ocrx_word' id='word_1_132' title='bbox 1292 470 1314 508; x_wconf 78' lang='lat'><strong>³,</strong></span> <span class='ocrx_word' id='word_1_133' title='bbox 1338 470 1463 514; x_wconf 91' lang='lat' dir='ltr'><strong>quibus</strong></span> <span class='ocrx_word' id='word_1_134' title='bbox 1478 482 1583 514; x_wconf 88' lang='lat' dir='ltr'><strong>super</strong></span> <span class='ocrx_word' id='word_1_135' title='bbox 1597 471 1665 504; x_wconf 88' lang='lat' dir='ltr'><strong>hiis</strong></span> <span class='ocrx_word' id='word_1_136' title='bbox 1680 481 1799 504; x_wconf 86' lang='lat' dir='ltr'><strong>omnes</strong></span> <span class='ocrx_word' id='word_1_137' title='bbox 1814 471 1998 504; x_wconf 86' lang='lat' dir='ltr'><strong>intendant</strong></span> 
     </span>
     <span class='ocr_line' id='line_1_31' title="bbox 1159 521 1994 567; baseline 0.002 -13"><span class='ocrx_word' id='word_1_138' title='bbox 1159 523 1173 540; x_wconf 82' lang='lat'><strong>&#39;⁴</strong></span> <span class='ocrx_word' id='word_1_139' title='bbox 1186 533 1206 554; x_wconf 88' lang='lat' dir='ltr'><strong>a</strong></span> <span class='ocrx_word' id='word_1_140' title='bbox 1221 521 1368 556; x_wconf 90' lang='lat' dir='ltr'><strong>Salerno</strong></span> <span class='ocrx_word' id='word_1_141' title='bbox 1384 534 1494 567; x_wconf 89' lang='lat' dir='ltr'><strong>usque</strong></span> <span class='ocrx_word' id='word_1_142' title='bbox 1510 524 1742 566; x_wconf 85' lang='lat' dir='ltr'><strong>Ceperanum,</strong></span> <span class='ocrx_word' id='word_1_143' title='bbox 1758 524 1849 556; x_wconf 92' lang='lat' dir='ltr'><strong>sicut</strong></span> <span class='ocrx_word' id='word_1_144' title='bbox 1865 535 1885 556; x_wconf 90' lang='lat' dir='ltr'><strong>a</strong></span> <span class='ocrx_word' id='word_1_145' title='bbox 1908 524 1994 556; x_wconf 89' lang='lat' dir='ltr'><strong>mari</strong></span> 
     </span>
     <span class='ocr_line' id='line_1_32' title="bbox 1158 577 1997 620; baseline 0.001 -12"><span class='ocrx_word' id='word_1_146' title='bbox 1158 577 1173 593; x_wconf 77' lang='lat'><strong>⁴⁴</strong></span> <span class='ocrx_word' id='word_1_147' title='bbox 1186 586 1294 619; x_wconf 88' lang='lat' dir='ltr'><strong>usque</strong></span> <span class='ocrx_word' id='word_1_148' title='bbox 1310 577 1356 610; x_wconf 89' lang='lat' dir='ltr'><strong>ad</strong></span> <span class='ocrx_word' id='word_1_149' title='bbox 1378 587 1473 609; x_wconf 87' lang='lat' dir='ltr'><strong>mare</strong></span> <span class='ocrx_word' id='word_1_150' title='bbox 1496 578 1715 620; x_wconf 87' lang='lat' dir='ltr'><strong>protenditur</strong></span> <span class='ocrx_word' id='word_1_151' title='bbox 1737 583 1870 611; x_wconf 88' lang='lat' dir='ltr'><strong>tractus</strong></span> <span class='ocrx_word' id='word_1_152' title='bbox 1893 583 1997 615; x_wconf 86' lang='lat' dir='ltr'><strong>terre,</strong></span> 
     </span>
     <span class='ocr_line' id='line_1_33' title="bbox 1156 628 1996 674; baseline 0.002 -13"><span class='ocrx_word' id='word_1_153' title='bbox 1156 628 1171 644; x_wconf 74' lang='lat'><strong>⁴⁶</strong></span> <span class='ocrx_word' id='word_1_154' title='bbox 1186 629 1281 661; x_wconf 90' lang='lat' dir='ltr'><strong>saluo</strong></span> <span class='ocrx_word' id='word_1_155' title='bbox 1296 635 1423 662; x_wconf 80' lang='lat' dir='ltr'><strong>statuto</strong></span> <span class='ocrx_word' id='word_1_156' title='bbox 1438 631 1548 674; x_wconf 84' lang='lat' dir='ltr'><strong>regio,</strong></span> <span class='ocrx_word' id='word_1_157' title='bbox 1568 641 1635 674; x_wconf 93' lang='lat' dir='ltr'><strong>quo</strong></span> <span class='ocrx_word' id='word_1_158' title='bbox 1658 631 1863 664; x_wconf 87' lang='lat' dir='ltr'><strong>Celanensis</strong></span> <span class='ocrx_word' id='word_1_159' title='bbox 1879 641 1996 664; x_wconf 90' lang='lat' dir='ltr'><strong>comes</strong></span> 
     </span>
     <span class='ocr_line' id='line_1_34' title="bbox 1158 681 1995 727; baseline 0.004 -13"><span class='ocrx_word' id='word_1_160' title='bbox 1158 683 1172 699; x_wconf 88' lang='lat'>“</span> <span class='ocrx_word' id='word_1_161' title='bbox 1185 681 1250 714; x_wconf 88' lang='lat' dir='ltr'><strong>est&#39;</strong></span> <span class='ocrx_word' id='word_1_162' title='bbox 1266 683 1429 726; x_wconf 82' lang='lat' dir='ltr'><strong>magister</strong></span> <span class='ocrx_word' id='word_1_163' title='bbox 1451 684 1652 716; x_wconf 85' lang='lat' dir='ltr'><strong>iustitiarius</strong></span> <span class='ocrx_word' id='word_1_164' title='bbox 1674 683 1803 727; x_wconf 88' lang='lat' dir='ltr'><strong>Apulie</strong></span> <span class='ocrx_word' id='word_1_165' title='bbox 1828 691 1863 718; x_wconf 90' lang='lat' dir='ltr'><strong>et</strong></span> <span class='ocrx_word' id='word_1_166' title='bbox 1883 684 1995 717; x_wconf 90' lang='lat' dir='ltr'><strong>Terre</strong></span> 
     </span>
     <span class='ocr_line' id='line_1_35' title="bbox 1157 735 1996 781; baseline 0.002 -13"><span class='ocrx_word' id='word_1_167' title='bbox 1157 735 1341 775; x_wconf 81' lang='lat' dir='ltr'><strong>“Laboris‘,</strong></span> <span class='ocrx_word' id='word_1_168' title='bbox 1370 742 1404 769; x_wconf 91' lang='lat' dir='ltr'><strong>et</strong></span> <span class='ocrx_word' id='word_1_169' title='bbox 1433 737 1530 770; x_wconf 87' lang='lat' dir='ltr'><strong>saluo</strong></span> <span class='ocrx_word' id='word_1_170' title='bbox 1561 738 1726 771; x_wconf 87' lang='lat' dir='ltr'><strong>mandato</strong></span> <span class='ocrx_word' id='word_1_171' title='bbox 1757 738 1870 781; x_wconf 89' lang='lat' dir='ltr'><strong>regio,</strong></span> <span class='ocrx_word' id='word_1_172' title='bbox 1902 738 1996 781; x_wconf 91' lang='lat' dir='ltr'><strong>quod</strong></span> 
     </span>
     <span class='ocr_line' id='line_1_36' title="bbox 1157 789 1997 824; baseline 0.005 -4"><span class='ocrx_word' id='word_1_173' title='bbox 1157 789 1313 822; x_wconf 81' lang='lat' dir='ltr'><strong>“factum</strong></span> <span class='ocrx_word' id='word_1_174' title='bbox 1345 795 1398 822; x_wconf 88' lang='lat' dir='ltr'><strong>est</strong></span> <span class='ocrx_word' id='word_1_175' title='bbox 1428 790 1548 823; x_wconf 87' lang='lat' dir='ltr'><strong>comiti</strong></span> <span class='ocrx_word' id='word_1_176' title='bbox 1579 791 1749 824; x_wconf 85' lang='lat' dir='ltr'><strong>Fundano</strong></span> <span class='ocrx_word' id='word_1_177' title='bbox 1781 790 1825 824; x_wconf 90' lang='lat' dir='ltr'><strong>de</strong></span> <span class='ocrx_word' id='word_1_178' title='bbox 1852 791 1997 824; x_wconf 89' lang='lat' dir='ltr'><strong>ciuitate</strong></span> 
     </span>
     <span class='ocr_line' id='line_1_37' title="bbox 1156 842 1996 887; baseline 0.002 -13"><span class='ocrx_word' id='word_1_179' title='bbox 1156 843 1171 860; x_wconf 76' lang='lat'><strong>‘⁴</strong></span> <span class='ocrx_word' id='word_1_180' title='bbox 1184 842 1418 884; x_wconf 84' lang='lat' dir='ltr'><strong>Neapolitana</strong></span> <span class='ocrx_word' id='word_1_181' title='bbox 1440 849 1478 875; x_wconf 90' lang='lat' dir='ltr'><strong>ut</strong></span> <span class='ocrx_word' id='word_1_182' title='bbox 1504 843 1547 876; x_wconf 89' lang='lat' dir='ltr'><strong>sit</strong></span> <span class='ocrx_word' id='word_1_183' title='bbox 1563 844 1724 886; x_wconf 74' lang='lat' dir='ltr'><strong>specialia</strong></span> <span class='ocrx_word' id='word_1_184' title='bbox 1747 849 1864 878; x_wconf 87' lang='lat' dir='ltr'><strong>rector</strong></span> <span class='ocrx_word' id='word_1_185' title='bbox 1877 844 1996 887; x_wconf 88' lang='lat' dir='ltr'><strong>ipsius,</strong></span> 
     </span>
     <span class='ocr_line' id='line_1_38' title="bbox 1156 895 1994 940; baseline 0.004 -14"><span class='ocrx_word' id='word_1_186' title='bbox 1156 895 1417 938; x_wconf 85' lang='lat' dir='ltr'><strong>“intelligentes</strong></span> <span class='ocrx_word' id='word_1_187' title='bbox 1440 897 1508 929; x_wconf 92' lang='lat' dir='ltr'><strong>hoc</strong></span> <span class='ocrx_word' id='word_1_188' title='bbox 1531 902 1696 940; x_wconf 88' lang='lat' dir='ltr'><strong>quantum</strong></span> <span class='ocrx_word' id='word_1_189' title='bbox 1712 898 1757 930; x_wconf 87' lang='lat' dir='ltr'><strong>ad</strong></span> <span class='ocrx_word' id='word_1_190' title='bbox 1779 898 1920 940; x_wconf 88' lang='lat' dir='ltr'><strong>propria</strong></span> <span class='ocrx_word' id='word_1_191' title='bbox 1934 908 1994 931; x_wconf 91' lang='lat' dir='ltr'><strong>ne-</strong></span> 
     </span>
     <span class='ocr_line' id='line_1_39' title="bbox 1157 948 1994 993; baseline 0.005 -13"><span class='ocrx_word' id='word_1_192' title='bbox 1157 950 1171 965; x_wconf 88' lang='lat'>“</span> <span class='ocrx_word' id='word_1_193' title='bbox 1183 948 1278 992; x_wconf 86' lang='lat' dir='ltr'><strong>gotia</strong></span> <span class='ocrx_word' id='word_1_194' title='bbox 1300 949 1465 987; x_wconf 79' lang='lat' dir='ltr'><strong>ciuitatis;</strong></span> <span class='ocrx_word' id='word_1_195' title='bbox 1481 956 1535 982; x_wconf 86' lang='lat' dir='ltr'><strong>set</strong></span> <span class='ocrx_word' id='word_1_196' title='bbox 1550 956 1716 993; x_wconf 87' lang='lat' dir='ltr'><strong>quantum</strong></span> <span class='ocrx_word' id='word_1_197' title='bbox 1732 951 1778 983; x_wconf 92' lang='lat' dir='ltr'><strong>ad</strong></span> <span class='ocrx_word' id='word_1_198' title='bbox 1794 961 1994 984; x_wconf 86' lang='lat' dir='ltr'><strong>succursum</strong></span> 
     </span>
    </p>
   </div>
   <div class='ocr_carea' id='block_1_16' title="bbox 1139 1003 1996 1052">
    <p class='ocr_par' dir='ltr' id='par_1_16' title="bbox 1139 1003 1996 1052">
     <span class='ocr_line' id='line_1_40' title="bbox 1139 1003 1996 1052; baseline 0.004 -18"><span class='ocrx_word' id='word_1_199' title='bbox 1139 1004 1171 1052; x_wconf 41' lang='lat'><strong>‘⁴‘</strong></span> <span class='ocrx_word' id='word_1_200' title='bbox 1184 1003 1276 1046; x_wconf 84' lang='lat' dir='ltr'><strong>regis</strong></span> <span class='ocrx_word' id='word_1_201' title='bbox 1299 1009 1333 1035; x_wconf 90' lang='lat' dir='ltr'><strong>et</strong></span> <span class='ocrx_word' id='word_1_202' title='bbox 1356 1003 1403 1034; x_wconf 90' lang='lat' dir='ltr'><strong>ad</strong></span> <span class='ocrx_word' id='word_1_203' title='bbox 1426 1003 1666 1035; x_wconf 79' lang='lat' dir='ltr'><strong>defensionem</strong></span> <span class='ocrx_word' id='word_1_204' title='bbox 1684 1010 1718 1036; x_wconf 90' lang='lat' dir='ltr'><strong>et</strong></span> <span class='ocrx_word' id='word_1_205' title='bbox 1734 1005 1779 1037; x_wconf 88' lang='lat' dir='ltr'><strong>ad</strong></span> <span class='ocrx_word' id='word_1_206' title='bbox 1801 1015 1924 1046; x_wconf 87' lang='lat' dir='ltr'><strong>pacem</strong></span> <span class='ocrx_word' id='word_1_207' title='bbox 1941 1015 1996 1038; x_wconf 87' lang='lat' dir='ltr'><strong>re-</strong></span> 
     </span>
    </p>
   </div>
   <div class='ocr_carea' id='block_1_17' title="bbox 1148 1055 1995 2439">
    <p class='ocr_par' dir='ltr' id='par_1_17' title="bbox 1148 1055 1995 2439">
     <span class='ocr_line' id='line_1_41' title="bbox 1154 1055 1994 1099; baseline 0.002 -11"><span class='ocrx_word' id='word_1_208' title='bbox 1154 1055 1170 1072; x_wconf 78' lang='lat'>“</span> <span class='ocrx_word' id='word_1_209' title='bbox 1183 1055 1243 1099; x_wconf 91' lang='lat' dir='ltr'><strong>gni</strong></span> <span class='ocrx_word' id='word_1_210' title='bbox 1256 1066 1375 1088; x_wconf 88' lang='lat' dir='ltr'><strong>omnes</strong></span> <span class='ocrx_word' id='word_1_211' title='bbox 1387 1056 1618 1088; x_wconf 89' lang='lat' dir='ltr'><strong>communiter</strong></span> <span class='ocrx_word' id='word_1_212' title='bbox 1629 1057 1815 1090; x_wconf 88' lang='lat' dir='ltr'><strong>intendent</strong></span> <span class='ocrx_word' id='word_1_213' title='bbox 1826 1058 1893 1089; x_wconf 90' lang='lat' dir='ltr'><strong>hiis</strong></span> <span class='ocrx_word' id='word_1_214' title='bbox 1909 1056 1994 1090; x_wconf 93' lang='lat' dir='ltr'><strong>duo-</strong></span> 
     </span>
     <span class='ocr_line' id='line_1_42' title="bbox 1155 1109 1994 1153; baseline 0.001 -10"><span class='ocrx_word' id='word_1_215' title='bbox 1155 1111 1169 1127; x_wconf 86' lang='lat'>“</span> <span class='ocrx_word' id='word_1_216' title='bbox 1183 1109 1256 1143; x_wconf 91' lang='lat' dir='ltr'><strong>bus.</strong></span> <span class='ocrx_word' id='word_1_217' title='bbox 1281 1109 1503 1153; x_wconf 89' lang='lat' dir='ltr'><strong>Quicumque</strong></span> <span class='ocrx_word' id='word_1_218' title='bbox 1517 1110 1771 1143; x_wconf 83' lang='lat' dir='ltr'><strong>ordinationem</strong></span> <span class='ocrx_word' id='word_1_219' title='bbox 1784 1112 1884 1144; x_wconf 84' lang='lat' dir='ltr'><strong>istam</strong></span> <span class='ocrx_word' id='word_1_220' title='bbox 1897 1122 1994 1144; x_wconf 90' lang='lat' dir='ltr'><strong>rece-</strong></span> 
     </span>
     <span class='ocr_line' id='line_1_43' title="bbox 1152 1163 1995 1207; baseline 0.004 -12"><span class='ocrx_word' id='word_1_221' title='bbox 1152 1165 1166 1181; x_wconf 86' lang='lat'>“</span> <span class='ocrx_word' id='word_1_222' title='bbox 1183 1163 1310 1207; x_wconf 38' lang='lat' dir='ltr'><strong>peri-nt,</strong></span> <span class='ocrx_word' id='word_1_223' title='bbox 1326 1163 1371 1195; x_wconf 89' lang='lat' dir='ltr'><strong>ad</strong></span> <span class='ocrx_word' id='word_1_224' title='bbox 1393 1163 1544 1196; x_wconf 88' lang='lat' dir='ltr'><strong>inuicem</strong></span> <span class='ocrx_word' id='word_1_225' title='bbox 1568 1163 1634 1196; x_wconf 86' lang='lat' dir='ltr'><strong>sibi</strong></span> <span class='ocrx_word' id='word_1_226' title='bbox 1658 1174 1782 1206; x_wconf 89' lang='lat' dir='ltr'><strong>pacem</strong></span> <span class='ocrx_word' id='word_1_227' title='bbox 1799 1165 1995 1204; x_wconf 90' lang='lat' dir='ltr'><strong>obseruent,</strong></span> 
     </span>
     <span class='ocr_line' id='line_1_44' title="bbox 1155 1217 1994 1260; baseline 0.001 -10"><span class='ocrx_word' id='word_1_228' title='bbox 1155 1219 1218 1250; x_wconf 81' lang='lat' dir='ltr'><strong>“et</strong></span> <span class='ocrx_word' id='word_1_229' title='bbox 1241 1217 1270 1250; x_wconf 87' lang='lat' dir='ltr'><strong>si</strong></span> <span class='ocrx_word' id='word_1_230' title='bbox 1293 1217 1476 1260; x_wconf 89' lang='lat' dir='ltr'><strong>quisquam</strong></span> <span class='ocrx_word' id='word_1_231' title='bbox 1500 1218 1543 1250; x_wconf 90' lang='lat' dir='ltr'><strong>ab</strong></span> <span class='ocrx_word' id='word_1_232' title='bbox 1562 1217 1680 1260; x_wconf 90' lang='lat' dir='ltr'><strong>aliquo</strong></span> <span class='ocrx_word' id='word_1_233' title='bbox 1703 1218 1813 1251; x_wconf 72' lang='lat' dir='ltr'><strong>fuerit</strong></span> <span class='ocrx_word' id='word_1_234' title='bbox 1829 1219 1994 1256; x_wconf 78' lang='lat' dir='ltr'><strong>offensus,</strong></span> 
     </span>
     <span class='ocr_line' id='line_1_45' title="bbox 1155 1270 1994 1315; baseline 0 -11"><span class='ocrx_word' id='word_1_235' title='bbox 1155 1273 1252 1304; x_wconf 81' lang='lat' dir='ltr'><strong>“non</strong></span> <span class='ocrx_word' id='word_1_236' title='bbox 1275 1270 1391 1303; x_wconf 87' lang='lat' dir='ltr'><strong>statim</strong></span> <span class='ocrx_word' id='word_1_237' title='bbox 1413 1271 1614 1304; x_wconf 79' lang='lat' dir='ltr'><strong>reoffendat</strong></span> <span class='ocrx_word' id='word_1_238' title='bbox 1637 1272 1797 1310; x_wconf 84' lang='lat' dir='ltr'><strong>eundem,</strong></span> <span class='ocrx_word' id='word_1_239' title='bbox 1825 1278 1879 1304; x_wconf 89' lang='lat' dir='ltr'><strong>set</strong></span> <span class='ocrx_word' id='word_1_240' title='bbox 1902 1272 1994 1315; x_wconf 89' lang='lat' dir='ltr'><strong>apud</strong></span> 
     </span>
     <span class='ocr_line' id='line_1_46' title="bbox 1155 1323 1994 1369; baseline 0.001 -12"><span class='ocrx_word' id='word_1_241' title='bbox 1155 1323 1364 1368; x_wconf 84' lang='lat' dir='ltr'><strong>“predictos</strong></span> <span class='ocrx_word' id='word_1_242' title='bbox 1387 1324 1532 1357; x_wconf 81' lang='lat' dir='ltr'><strong>comites</strong></span> <span class='ocrx_word' id='word_1_243' title='bbox 1556 1324 1735 1368; x_wconf 87' lang='lat' dir='ltr'><strong>querelam</strong></span> <span class='ocrx_word' id='word_1_244' title='bbox 1756 1325 1920 1367; x_wconf 88' lang='lat' dir='ltr'><strong>deponat,</strong></span> <span class='ocrx_word' id='word_1_245' title='bbox 1936 1327 1994 1369; x_wconf 92' lang='lat' dir='ltr'><strong>qui</strong></span> 
     </span>
     <span class='ocr_line' id='line_1_47' title="bbox 1155 1378 1994 1421; baseline 0.001 -10"><span class='ocrx_word' id='word_1_246' title='bbox 1155 1381 1169 1397; x_wconf 78' lang='lat'><strong>‘⁶</strong></span> <span class='ocrx_word' id='word_1_247' title='bbox 1182 1389 1259 1411; x_wconf 88' lang='lat' dir='ltr'><strong>eam</strong></span> <span class='ocrx_word' id='word_1_248' title='bbox 1282 1378 1474 1411; x_wconf 86' lang='lat' dir='ltr'><strong>secundum</strong></span> <span class='ocrx_word' id='word_1_249' title='bbox 1497 1378 1666 1411; x_wconf 87' lang='lat' dir='ltr'><strong>rationem</strong></span> <span class='ocrx_word' id='word_1_250' title='bbox 1682 1384 1718 1411; x_wconf 87' lang='lat' dir='ltr'><strong>et</strong></span> <span class='ocrx_word' id='word_1_251' title='bbox 1732 1379 1832 1421; x_wconf 87' lang='lat' dir='ltr'><strong>regni</strong></span> <span class='ocrx_word' id='word_1_252' title='bbox 1851 1389 1994 1412; x_wconf 83' lang='lat' dir='ltr'><strong>consue-</strong></span> 
     </span>
     <span class='ocr_line' id='line_1_48' title="bbox 1154 1431 1994 1471; baseline 0.001 -7"><span class='ocrx_word' id='word_1_253' title='bbox 1154 1432 1338 1464; x_wconf 85' lang='lat' dir='ltr'><strong>“tudinem</strong></span> <span class='ocrx_word' id='word_1_254' title='bbox 1369 1431 1504 1464; x_wconf 81' lang='lat' dir='ltr'><strong>faciant</strong></span> <span class='ocrx_word' id='word_1_255' title='bbox 1535 1432 1727 1464; x_wconf 88' lang='lat' dir='ltr'><strong>emendari.</strong></span> <span class='ocrx_word' id='word_1_256' title='bbox 1777 1432 1850 1471; x_wconf 88' lang='lat' dir='ltr'><strong>Qui</strong></span> <span class='ocrx_word' id='word_1_257' title='bbox 1879 1438 1994 1465; x_wconf 88' lang='lat' dir='ltr'><strong>autem</strong></span> 
     </span>
     <span class='ocr_line' id='line_1_49' title="bbox 1154 1484 1993 1527; baseline 0.002 -11"><span class='ocrx_word' id='word_1_258' title='bbox 1154 1487 1169 1504; x_wconf 79' lang='lat'><strong>‘⁴</strong></span> <span class='ocrx_word' id='word_1_259' title='bbox 1182 1484 1435 1518; x_wconf 83' lang='lat' dir='ltr'><strong>ordinationem</strong></span> <span class='ocrx_word' id='word_1_260' title='bbox 1474 1485 1575 1518; x_wconf 87' lang='lat' dir='ltr'><strong>istam</strong></span> <span class='ocrx_word' id='word_1_261' title='bbox 1610 1485 1769 1527; x_wconf 88' lang='lat' dir='ltr'><strong>recipere</strong></span> <span class='ocrx_word' id='word_1_262' title='bbox 1808 1485 1993 1524; x_wconf 86' lang='lat' dir='ltr'><strong>noluerint,</strong></span> 
     </span>
     <span class='ocr_line' id='line_1_50' title="bbox 1154 1538 1994 1581; baseline -0.001 -10"><span class='ocrx_word' id='word_1_263' title='bbox 1154 1538 1238 1571; x_wconf 85' lang='lat' dir='ltr'><strong>“uel</strong></span> <span class='ocrx_word' id='word_1_264' title='bbox 1261 1538 1513 1576; x_wconf 87' lang='lat' dir='ltr'><strong>recusauerint,</strong></span> <span class='ocrx_word' id='word_1_265' title='bbox 1541 1543 1717 1581; x_wconf 88' lang='lat' dir='ltr'><strong>tamquam</strong></span> <span class='ocrx_word' id='word_1_266' title='bbox 1740 1538 1858 1571; x_wconf 88' lang='lat' dir='ltr'><strong>hostes</strong></span> <span class='ocrx_word' id='word_1_267' title='bbox 1881 1539 1994 1581; x_wconf 90' lang='lat' dir='ltr'><strong>publi-</strong></span> 
     </span>
     <span class='ocr_line' id='line_1_51' title="bbox 1153 1591 1992 1635; baseline -0.001 -9"><span class='ocrx_word' id='word_1_268' title='bbox 1153 1592 1214 1626; x_wconf 85' lang='lat' dir='ltr'><strong>“ci</strong></span> <span class='ocrx_word' id='word_1_269' title='bbox 1236 1591 1439 1630; x_wconf 85' lang='lat' dir='ltr'><strong>habeantur,</strong></span> <span class='ocrx_word' id='word_1_270' title='bbox 1465 1597 1499 1624; x_wconf 91' lang='lat' dir='ltr'><strong>et</strong></span> <span class='ocrx_word' id='word_1_271' title='bbox 1530 1602 1550 1624; x_wconf 93' lang='lat' dir='ltr'><strong>a</strong></span> <span class='ocrx_word' id='word_1_272' title='bbox 1582 1591 1709 1624; x_wconf 87' lang='lat' dir='ltr'><strong>ceteris</strong></span> <span class='ocrx_word' id='word_1_273' title='bbox 1736 1592 1992 1635; x_wconf 86' lang='lat' dir='ltr'><strong>impugnentur.</strong></span> 
     </span>
     <span class='ocr_line' id='line_1_52' title="bbox 1152 1645 1993 1689; baseline 0.001 -11"><span class='ocrx_word' id='word_1_274' title='bbox 1152 1645 1334 1678; x_wconf 81' lang='lat' dir='ltr'><strong>“Ducenti</strong></span> <span class='ocrx_word' id='word_1_275' title='bbox 1357 1645 1485 1678; x_wconf 85' lang='lat' dir='ltr'><strong>milites</strong></span> <span class='ocrx_word' id='word_1_276' title='bbox 1509 1645 1704 1689; x_wconf 87' lang='lat' dir='ltr'><strong>dirigantur</strong></span> <span class='ocrx_word' id='word_1_277' title='bbox 1727 1645 1764 1678; x_wconf 91' lang='lat' dir='ltr'><strong>in</strong></span> <span class='ocrx_word' id='word_1_278' title='bbox 1791 1656 1993 1679; x_wconf 86' lang='lat' dir='ltr'><strong>succursum</strong></span> 
     </span>
     <span class='ocr_line' id='line_1_53' title="bbox 1153 1698 1995 1743; baseline 0 -11"><span class='ocrx_word' id='word_1_279' title='bbox 1153 1701 1168 1717; x_wconf 78' lang='lat'><strong>‘⁴</strong></span> <span class='ocrx_word' id='word_1_280' title='bbox 1180 1699 1272 1743; x_wconf 87' lang='lat' dir='ltr'><strong>regis</strong></span> <span class='ocrx_word' id='word_1_281' title='bbox 1286 1708 1394 1742; x_wconf 89' lang='lat' dir='ltr'><strong>usque</strong></span> <span class='ocrx_word' id='word_1_282' title='bbox 1410 1699 1456 1732; x_wconf 86' lang='lat' dir='ltr'><strong>ad</strong></span> <span class='ocrx_word' id='word_1_283' title='bbox 1472 1698 1653 1732; x_wconf 89' lang='lat' dir='ltr'><strong>Kalendas</strong></span> <span class='ocrx_word' id='word_1_284' title='bbox 1675 1698 1895 1742; x_wconf 88' lang='lat' dir='ltr'><strong>Septembris</strong></span> <span class='ocrx_word' id='word_1_285' title='bbox 1921 1710 1995 1732; x_wconf 93' lang='lat' dir='ltr'><strong>mo-</strong></span> 
     </span>
     <span class='ocr_line' id='line_1_54' title="bbox 1152 1753 1994 1796; baseline 0.001 -11"><span class='ocrx_word' id='word_1_286' title='bbox 1152 1754 1310 1786; x_wconf 85' lang='lat' dir='ltr'><strong>“raturos</strong></span> <span class='ocrx_word' id='word_1_287' title='bbox 1334 1762 1398 1795; x_wconf 89' lang='lat' dir='ltr'><strong>per</strong></span> <span class='ocrx_word' id='word_1_288' title='bbox 1419 1762 1547 1784; x_wconf 88' lang='lat' dir='ltr'><strong>annum</strong></span> <span class='ocrx_word' id='word_1_289' title='bbox 1571 1753 1635 1785; x_wconf 85' lang='lat' dir='ltr'><strong>sub</strong></span> <span class='ocrx_word' id='word_1_290' title='bbox 1657 1753 1795 1785; x_wconf 87' lang='lat' dir='ltr'><strong>illorum</strong></span> <span class='ocrx_word' id='word_1_291' title='bbox 1819 1754 1994 1796; x_wconf 83' lang='lat' dir='ltr'><strong>expensis,</strong></span> 
     </span>
     <span class='ocr_line' id='line_1_55' title="bbox 1150 1805 1995 1849; baseline 0 -10"><span class='ocrx_word' id='word_1_292' title='bbox 1150 1807 1165 1823; x_wconf 76' lang='lat'><strong>¹⁴</strong></span> <span class='ocrx_word' id='word_1_293' title='bbox 1179 1817 1200 1839; x_wconf 83' lang='lat' dir='ltr'><strong>a</strong></span> <span class='ocrx_word' id='word_1_294' title='bbox 1223 1805 1347 1849; x_wconf 90' lang='lat' dir='ltr'><strong>quibus</strong></span> <span class='ocrx_word' id='word_1_295' title='bbox 1362 1805 1494 1838; x_wconf 78' lang='lat' dir='ltr'><strong>fuerint</strong></span> <span class='ocrx_word' id='word_1_296' title='bbox 1515 1806 1688 1839; x_wconf 86' lang='lat' dir='ltr'><strong>destinati.</strong></span> <span class='ocrx_word' id='word_1_297' title='bbox 1735 1806 1995 1840; x_wconf 87' lang='lat' dir='ltr'><strong>Distribuantur</strong></span> 
     </span>
     <span class='ocr_line' id='line_1_56' title="bbox 1148 1859 1992 1899; baseline 0.001 -7"><span class='ocrx_word' id='word_1_298' title='bbox 1148 1860 1162 1876; x_wconf 83' lang='lat'>“</span> <span class='ocrx_word' id='word_1_299' title='bbox 1178 1865 1294 1892; x_wconf 89' lang='lat' dir='ltr'><strong>autem</strong></span> <span class='ocrx_word' id='word_1_300' title='bbox 1320 1859 1514 1892; x_wconf 87' lang='lat' dir='ltr'><strong>secundum</strong></span> <span class='ocrx_word' id='word_1_301' title='bbox 1539 1859 1774 1893; x_wconf 88' lang='lat' dir='ltr'><strong>estimatorum</strong></span> <span class='ocrx_word' id='word_1_302' title='bbox 1801 1860 1992 1899; x_wconf 87' lang='lat' dir='ltr'><strong>arbitrium,</strong></span> 
     </span>
     <span class='ocr_line' id='line_1_57' title="bbox 1152 1913 1994 1956; baseline 0.001 -11"><span class='ocrx_word' id='word_1_303' title='bbox 1152 1914 1167 1931; x_wconf 80' lang='lat'>“</span> <span class='ocrx_word' id='word_1_304' title='bbox 1179 1923 1267 1956; x_wconf 90' lang='lat' dir='ltr'><strong>quos</strong></span> <span class='ocrx_word' id='word_1_305' title='bbox 1281 1913 1327 1946; x_wconf 87' lang='lat' dir='ltr'><strong>ad</strong></span> <span class='ocrx_word' id='word_1_306' title='bbox 1342 1913 1412 1945; x_wconf 91' lang='lat' dir='ltr'><strong>hoc</strong></span> <span class='ocrx_word' id='word_1_307' title='bbox 1428 1913 1629 1956; x_wconf 89' lang='lat' dir='ltr'><strong>specialiter</strong></span> <span class='ocrx_word' id='word_1_308' title='bbox 1644 1913 1896 1956; x_wconf 88' lang='lat' dir='ltr'><strong>deputabimus,</strong></span> <span class='ocrx_word' id='word_1_309' title='bbox 1908 1925 1994 1956; x_wconf 89' lang='lat' dir='ltr'><strong>pen-</strong></span> 
     </span>
     <span class='ocr_line' id='line_1_58' title="bbox 1152 1966 1991 1999; baseline 0.001 -1"><span class='ocrx_word' id='word_1_310' title='bbox 1152 1970 1164 1982; x_wconf 83' lang='grc'>“</span> <span class='ocrx_word' id='word_1_311' title='bbox 1178 1966 1260 1999; x_wconf 87' lang='lat' dir='ltr'><strong>satis</strong></span> <span class='ocrx_word' id='word_1_312' title='bbox 1283 1966 1414 1999; x_wconf 88' lang='lat' dir='ltr'><strong>debitis</strong></span> <span class='ocrx_word' id='word_1_313' title='bbox 1443 1966 1595 1999; x_wconf 84' lang='lat' dir='ltr'><strong>seruitiis</strong></span> <span class='ocrx_word' id='word_1_314' title='bbox 1619 1972 1654 1998; x_wconf 89' lang='lat' dir='ltr'><strong>et</strong></span> <span class='ocrx_word' id='word_1_315' title='bbox 1678 1967 1902 1999; x_wconf 82' lang='lat' dir='ltr'><strong>facultatibus</strong></span> <span class='ocrx_word' id='word_1_316' title='bbox 1934 1978 1991 1999; x_wconf 90' lang='lat' dir='ltr'><strong>co-</strong></span> 
     </span>
     <span class='ocr_line' id='line_1_59' title="bbox 1150 2019 1990 2054; baseline 0.002 -2"><span class='ocrx_word' id='word_1_317' title='bbox 1150 2020 1300 2053; x_wconf 85' lang='lat' dir='ltr'><strong>“mitum</strong></span> <span class='ocrx_word' id='word_1_318' title='bbox 1323 2025 1358 2052; x_wconf 89' lang='lat' dir='ltr'><strong>et</strong></span> <span class='ocrx_word' id='word_1_319' title='bbox 1389 2019 1558 2052; x_wconf 90' lang='lat' dir='ltr'><strong>baronum</strong></span> <span class='ocrx_word' id='word_1_320' title='bbox 1583 2030 1624 2052; x_wconf 92' lang='lat' dir='ltr'><strong>ac</strong></span> <span class='ocrx_word' id='word_1_321' title='bbox 1660 2021 1765 2053; x_wconf 88' lang='lat' dir='ltr'><strong>etiam</strong></span> <span class='ocrx_word' id='word_1_322' title='bbox 1797 2021 1990 2054; x_wconf 84' lang='lat' dir='ltr'><strong>ciuitatum.</strong></span> 
     </span>
     <span class='ocr_line' id='line_1_60' title="bbox 1152 2073 1995 2116; baseline 0.002 -10"><span class='ocrx_word' id='word_1_323' title='bbox 1152 2078 1166 2092; x_wconf 76' lang='lat'><strong>¹⁶</strong></span> <span class='ocrx_word' id='word_1_324' title='bbox 1185 2073 1279 2113; x_wconf 89' lang='lat' dir='ltr'><strong>Quia</strong></span> <span class='ocrx_word' id='word_1_325' title='bbox 1302 2083 1387 2106; x_wconf 86' lang='lat' dir='ltr'><strong>uero</strong></span> <span class='ocrx_word' id='word_1_326' title='bbox 1410 2079 1554 2116; x_wconf 82' lang='lat' dir='ltr'><strong>propter</strong></span> <span class='ocrx_word' id='word_1_327' title='bbox 1578 2073 1694 2106; x_wconf 85' lang='lat' dir='ltr'><strong>estatis</strong></span> <span class='ocrx_word' id='word_1_328' title='bbox 1725 2074 1900 2107; x_wconf 82' lang='lat' dir='ltr'><strong>feruorem</strong></span> <span class='ocrx_word' id='word_1_329' title='bbox 1934 2075 1995 2108; x_wconf 91' lang='lat' dir='ltr'><strong>de-</strong></span> 
     </span>
     <span class='ocr_line' id='line_1_61' title="bbox 1152 2125 1993 2171; baseline 0.001 -11"><span class='ocrx_word' id='word_1_330' title='bbox 1152 2129 1166 2145; x_wconf 84' lang='lat'>“</span> <span class='ocrx_word' id='word_1_331' title='bbox 1180 2126 1355 2160; x_wconf 85' lang='lat' dir='ltr'><strong>scendere</strong></span> <span class='ocrx_word' id='word_1_332' title='bbox 1370 2127 1407 2159; x_wconf 89' lang='lat' dir='ltr'><strong>in</strong></span> <span class='ocrx_word' id='word_1_333' title='bbox 1422 2125 1585 2169; x_wconf 90' lang='lat' dir='ltr'><strong>Apuliam</strong></span> <span class='ocrx_word' id='word_1_334' title='bbox 1601 2127 1832 2169; x_wconf 86' lang='lat' dir='ltr'><strong>personaliter</strong></span> <span class='ocrx_word' id='word_1_335' title='bbox 1847 2138 1915 2160; x_wconf 88' lang='lat' dir='ltr'><strong>non</strong></span> <span class='ocrx_word' id='word_1_336' title='bbox 1931 2139 1993 2171; x_wconf 91' lang='lat' dir='ltr'><strong>po-</strong></span> 
     </span>
     <span class='ocr_line' id='line_1_62' title="bbox 1152 2180 1993 2219; baseline 0.002 -7"><span class='ocrx_word' id='word_1_337' title='bbox 1152 2182 1166 2198; x_wconf 83' lang='lat'>“</span> <span class='ocrx_word' id='word_1_338' title='bbox 1180 2180 1314 2219; x_wconf 80' lang='lat' dir='ltr'><strong>tuimus,</strong></span> <span class='ocrx_word' id='word_1_339' title='bbox 1337 2186 1502 2214; x_wconf 88' lang='lat' dir='ltr'><strong>statutum</strong></span> <span class='ocrx_word' id='word_1_340' title='bbox 1526 2180 1619 2214; x_wconf 87' lang='lat' dir='ltr'><strong>istud</strong></span> <span class='ocrx_word' id='word_1_341' title='bbox 1641 2181 1883 2214; x_wconf 87' lang='lat' dir='ltr'><strong>mandabimus</strong></span> <span class='ocrx_word' id='word_1_342' title='bbox 1913 2192 1993 2214; x_wconf 84' lang='lat' dir='ltr'><strong>exe-</strong></span> 
     </span>
     <span class='ocr_line' id='line_1_63' title="bbox 1153 2234 1992 2278; baseline 0.001 -12"><span class='ocrx_word' id='word_1_343' title='bbox 1153 2235 1167 2251; x_wconf 86' lang='lat'>“</span> <span class='ocrx_word' id='word_1_344' title='bbox 1182 2234 1358 2277; x_wconf 87' lang='lat' dir='ltr'><strong>quendum</strong></span> <span class='ocrx_word' id='word_1_345' title='bbox 1374 2244 1439 2276; x_wconf 91' lang='lat' dir='ltr'><strong>per</strong></span> <span class='ocrx_word' id='word_1_346' title='bbox 1461 2234 1613 2277; x_wconf 88' lang='lat' dir='ltr'><strong>legatum</strong></span> <span class='ocrx_word' id='word_1_347' title='bbox 1636 2241 1789 2268; x_wconf 87' lang='lat' dir='ltr'><strong>nostrum</strong></span> <span class='ocrx_word' id='word_1_348' title='bbox 1807 2236 1866 2278; x_wconf 90' lang='lat' dir='ltr'><strong>qui</strong></span> <span class='ocrx_word' id='word_1_349' title='bbox 1888 2242 1941 2268; x_wconf 91' lang='lat' dir='ltr'><strong>est</strong></span> <span class='ocrx_word' id='word_1_350' title='bbox 1957 2235 1992 2267; x_wconf 89' lang='lat' dir='ltr'><strong>in</strong></span> 
     </span>
     <span class='ocr_line' id='line_1_64' title="bbox 1150 2286 1993 2330; baseline 0 -11"><span class='ocrx_word' id='word_1_351' title='bbox 1150 2287 1165 2303; x_wconf 86' lang='lat'>“</span> <span class='ocrx_word' id='word_1_352' title='bbox 1180 2286 1319 2329; x_wconf 86' lang='lat' dir='ltr'><strong>Apulia,</strong></span> <span class='ocrx_word' id='word_1_353' title='bbox 1343 2297 1407 2330; x_wconf 90' lang='lat' dir='ltr'><strong>per</strong></span> <span class='ocrx_word' id='word_1_354' title='bbox 1430 2287 1592 2320; x_wconf 85' lang='lat' dir='ltr'><strong>comitem</strong></span> <span class='ocrx_word' id='word_1_355' title='bbox 1619 2287 1783 2320; x_wconf 91' lang='lat' dir='ltr'><strong>Iacobum</strong></span> <span class='ocrx_word' id='word_1_356' title='bbox 1814 2289 1993 2321; x_wconf 85' lang='lat' dir='ltr'><strong>consobri-</strong></span> 
     </span>
     <span class='ocr_line' id='line_1_65' title="bbox 1151 2341 1991 2384; baseline 0.001 -12"><span class='ocrx_word' id='word_1_357' title='bbox 1151 2341 1166 2358; x_wconf 79' lang='lat'><strong>“</strong></span> <span class='ocrx_word' id='word_1_358' title='bbox 1179 2351 1259 2373; x_wconf 90' lang='lat' dir='ltr'><strong>num</strong></span> <span class='ocrx_word' id='word_1_359' title='bbox 1273 2346 1308 2373; x_wconf 92' lang='lat' dir='ltr'><strong>et</strong></span> <span class='ocrx_word' id='word_1_360' title='bbox 1323 2341 1571 2373; x_wconf 89' lang='lat' dir='ltr'><strong>marescalcum</strong></span> <span class='ocrx_word' id='word_1_361' title='bbox 1583 2346 1748 2379; x_wconf 83' lang='lat' dir='ltr'><strong>nostrum,</strong></span> <span class='ocrx_word' id='word_1_362' title='bbox 1761 2348 1796 2375; x_wconf 89' lang='lat' dir='ltr'><strong>et</strong></span> <span class='ocrx_word' id='word_1_363' title='bbox 1811 2352 1874 2384; x_wconf 90' lang='lat' dir='ltr'><strong>per</strong></span> <span class='ocrx_word' id='word_1_364' title='bbox 1885 2341 1991 2374; x_wconf 89' lang='lat' dir='ltr'><strong>alium</strong></span> 
     </span>
     <span class='ocr_line' id='line_1_66' title="bbox 1153 2394 1993 2439; baseline 0 -13"><span class='ocrx_word' id='word_1_365' title='bbox 1153 2395 1284 2437; x_wconf 87' lang='lat' dir='ltr'><strong>“quem</strong></span> <span class='ocrx_word' id='word_1_366' title='bbox 1308 2404 1329 2426; x_wconf 87' lang='lat' dir='ltr'><strong>a</strong></span> <span class='ocrx_word' id='word_1_367' title='bbox 1345 2400 1463 2427; x_wconf 87' lang='lat' dir='ltr'><strong>nostro</strong></span> <span class='ocrx_word' id='word_1_368' title='bbox 1487 2394 1594 2427; x_wconf 88' lang='lat' dir='ltr'><strong>latere</strong></span> <span class='ocrx_word' id='word_1_369' title='bbox 1618 2394 1818 2439; x_wconf 78' lang='lat' dir='ltr'><strong>dirigemus.</strong></span> <span class='ocrx_word' id='word_1_370' title='bbox 1863 2396 1903 2427; x_wconf 90' lang='lat' dir='ltr'><strong>In</strong></span> <span class='ocrx_word' id='word_1_371' title='bbox 1921 2405 1993 2427; x_wconf 93' lang='lat' dir='ltr'><strong>om-</strong></span> 
     </span>
    </p>
   </div>
   <div class='ocr_carea' id='block_1_18' title="bbox 1149 2474 1360 2481">
    <p class='ocr_par' dir='ltr' id='par_1_18' title="bbox 1149 2474 1360 2481">
     <span class='ocr_line' id='line_1_67' title="bbox 1149 2474 1360 2481; baseline 0 0"><span class='ocrx_word' id='word_1_372' title='bbox 1149 2474 1360 2481; x_wconf 95' lang='lat' dir='ltr'><strong> </strong></span> 
     </span>
    </p>
   </div>
   <div class='ocr_carea' id='block_1_19' title="bbox 1238 2519 1726 2554">
    <p class='ocr_par' dir='ltr' id='par_1_19' title="bbox 1238 2519 1726 2554">
     <span class='ocr_line' id='line_1_68' title="bbox 1238 2519 1726 2554; baseline 0 -8"><span class='ocrx_word' id='word_1_373' title='bbox 1238 2525 1262 2552; x_wconf 86' lang='lat'><strong>7.</strong></span> <span class='ocrx_word' id='word_1_374' title='bbox 1281 2522 1310 2546; x_wconf 85' lang='lat' dir='ltr'><strong>et</strong></span> <span class='ocrx_word' id='word_1_375' title='bbox 1327 2521 1463 2554; x_wconf 79' lang='lat' dir='ltr'><strong>magister</strong></span> <span class='ocrx_word' id='word_1_376' title='bbox 1481 2519 1579 2545; x_wconf 69' lang='lat' dir='ltr'><strong>Pam-z</strong></span> <span class='ocrx_word' id='word_1_377' title='bbox 1598 2529 1612 2545; x_wconf 83' lang='lat' dir='ltr'><strong>e</strong></span> <span class='ocrx_word' id='word_1_378' title='bbox 1631 2519 1726 2546; x_wconf 72' lang='lat' dir='ltr'><strong>GAun.</strong></span> 
     </span>
    </p>
   </div>
   <div class='ocr_carea' id='block_1_20' title="bbox 2087 699 2107 713">
    <p class='ocr_par' dir='ltr' id='par_1_20' title="bbox 2087 699 2107 713">
     <span class='ocr_line' id='line_1_69' title="bbox 2087 699 2107 713; baseline 0 0"><span class='ocrx_word' id='word_1_379' title='bbox 2087 699 2107 713; x_wconf 76' lang='grc' dir='ltr'><strong>ι’.</strong></span> 
     </span>
    </p>
   </div>
   <div class='ocr_carea' id='block_1_21' title="bbox 1947 231 2237 271">
    <p class='ocr_par' dir='ltr' id='par_1_21' title="bbox 1947 231 2237 271">
     <span class='ocr_line' id='line_1_70' title="bbox 1947 231 2237 271; baseline 0.007 -10"><span class='ocrx_word' id='word_1_380' title='bbox 1947 231 1994 271; x_wconf 81' lang='lat'><strong>27</strong></span> <span class='ocrx_word' id='word_1_381' title='bbox 2027 242 2101 266; x_wconf 71' lang='lat' dir='ltr'><strong>Mun„</strong></span> <span class='ocrx_word' id='word_1_382' title='bbox 2117 247 2151 264; x_wconf 86' lang='lat' dir='ltr'><strong>cc.</strong></span> <span class='ocrx_word' id='word_1_383' title='bbox 2161 243 2237 268; x_wconf 78' lang='lat'><strong>982-83</strong></span> 
     </span>
    </p>
   </div>
   <div class='ocr_carea' id='block_1_22' title="bbox 2122 699 2158 718">
    <p class='ocr_par' dir='ltr' id='par_1_22' title="bbox 2122 699 2158 718">
     <span class='ocr_line' id='line_1_71' title="bbox 2122 699 2158 718; baseline 0 -5"><span class='ocrx_word' id='word_1_384' title='bbox 2122 699 2158 718; x_wconf 76' lang='grc'><strong>911</strong></span> 
     </span>
    </p>
   </div>
   <div class='ocr_carea' id='block_1_23' title="bbox 15 2646 1040 3064">
    <p class='ocr_par' dir='ltr' id='par_1_23' title="bbox 15 2646 1040 3064">
     <span class='ocr_line' id='line_1_72' title="bbox 234 2646 1039 2680; baseline 0.005 -8"><span class='ocrx_word' id='word_1_385' title='bbox 234 2646 243 2664; x_wconf 86' lang='lat'><em>¹</em></span> <span class='ocrx_word' id='word_1_386' title='bbox 264 2646 278 2661; x_wconf 74' lang='lat'><strong>⁴¹</strong></span> <span class='ocrx_word' id='word_1_387' title='bbox 289 2647 443 2680; x_wconf 75' lang='lat' dir='ltr'><strong>Phtlippus</strong></span> <span class='ocrx_word' id='word_1_388' title='bbox 461 2647 552 2673; x_wconf 70' lang='lat' dir='ltr'><strong>totius</strong></span> <span class='ocrx_word' id='word_1_389' title='bbox 571 2647 672 2674; x_wconf 77' lang='lat' dir='ltr'><strong>domus</strong></span> <span class='ocrx_word' id='word_1_390' title='bbox 690 2649 806 2675; x_wconf 71' lang='lat' dir='ltr'><strong>domIne</strong></span> <span class='ocrx_word' id='word_1_391' title='bbox 831 2649 984 2675; x_wconf 74' lang='lat' dir='ltr'><strong>Mathssdls</strong></span> <span class='ocrx_word' id='word_1_392' title='bbox 1009 2652 1039 2676; x_wconf 86' lang='lat' dir='ltr'><strong>et</strong></span> 
     </span>
     <span class='ocr_line' id='line_1_73' title="bbox 145 2687 1040 2725; baseline 0.003 -10"><span class='ocrx_word' id='word_1_393' title='bbox 145 2687 225 2716; x_wconf 71' lang='lat' dir='ltr'><strong>“Del</strong></span> <span class='ocrx_word' id='word_1_394' title='bbox 249 2691 345 2725; x_wconf 69' lang='lat' dir='ltr'><strong>gratia</strong></span> <span class='ocrx_word' id='word_1_395' title='bbox 371 2690 429 2715; x_wconf 86' lang='lat' dir='ltr'><strong>dux</strong></span> <span class='ocrx_word' id='word_1_396' title='bbox 454 2690 557 2715; x_wconf 70' lang='lat' dir='ltr'><strong>TuscIe</strong></span> <span class='ocrx_word' id='word_1_397' title='bbox 581 2688 618 2724; x_wconf 76' lang='lat' dir='ltr'><strong>(a.</strong></span> <span class='ocrx_word' id='word_1_398' title='bbox 654 2691 734 2723; x_wconf 76' lang='lat'>1195)</span> <span class='ocrx_word' id='word_1_399' title='bbox 758 2692 902 2724; x_wconf 77' lang='lat' dir='ltr'><strong>quondam</strong></span> <span class='ocrx_word' id='word_1_400' title='bbox 927 2693 1040 2718; x_wconf 84' lang='lat' dir='ltr'><strong>domini</strong></span> 
     </span>
     <span class='ocr_line' id='line_1_74' title="bbox 15 2730 1040 2769; baseline 0.004 -12"><span class='ocrx_word' id='word_1_401' title='bbox 15 2765 18 2769; x_wconf 25' lang='grc' dir='ltr'><strong>Δ</strong></span> <span class='ocrx_word' id='word_1_402' title='bbox 66 2759 77 2767; x_wconf 20' lang='lat'>¹</span> <span class='ocrx_word' id='word_1_403' title='bbox 146 2730 161 2745; x_wconf 71' lang='lat'><strong><em>³</em></strong></span> <span class='ocrx_word' id='word_1_404' title='bbox 171 2732 268 2758; x_wconf 79' lang='lat' dir='ltr'><strong>nostrl</strong></span> <span class='ocrx_word' id='word_1_405' title='bbox 286 2732 428 2758; x_wconf 82' lang='lat' dir='ltr'><strong>Frlderlcl</strong></span> <span class='ocrx_word' id='word_1_406' title='bbox 458 2731 653 2758; x_wconf 77' lang='lat' dir='ltr'><strong>Romanorum</strong></span> <span class='ocrx_word' id='word_1_407' title='bbox 679 2734 862 2766; x_wconf 80' lang='lat' dir='ltr'><strong>imperatorls</strong></span> <span class='ocrx_word' id='word_1_408' title='bbox 886 2734 982 2760; x_wconf 79' lang='lat' dir='ltr'><strong>tillus.</strong></span> <span class='ocrx_word' id='word_1_409' title='bbox 993 2754 999 2760; x_wconf 94' lang='lat'>.</span> <span class='ocrx_word' id='word_1_410' title='bbox 1013 2753 1021 2760; x_wconf 91' lang='lat'>.</span> <span class='ocrx_word' id='word_1_411' title='bbox 1032 2752 1040 2761; x_wconf 93' lang='lat'><strong>.</strong></span> 
     </span>
     <span class='ocr_line' id='line_1_75' title="bbox 62 2771 1039 2808; baseline 0 -6"><span class='ocrx_word' id='word_1_412' title='bbox 62 2771 66 2802; x_wconf 62' lang='lat' dir='ltr'><strong>J</strong></span> <span class='ocrx_word' id='word_1_413' title='bbox 103 2777 118 2806; x_wconf 78' lang='grc'><strong>5</strong></span> <span class='ocrx_word' id='word_1_414' title='bbox 147 2774 328 2800; x_wconf 75' lang='lat' dir='ltr'><strong>“Suevorum</strong></span> <span class='ocrx_word' id='word_1_415' title='bbox 347 2774 405 2800; x_wconf 85' lang='lat' dir='ltr'><strong>dux</strong></span> <span class='ocrx_word' id='word_1_416' title='bbox 415 2792 440 2808; x_wconf 83' lang='grc'><strong>,,,</strong></span> <span class='ocrx_word' id='word_1_417' title='bbox 460 2775 506 2800; x_wconf 87' lang='lat' dir='ltr'><strong>nel</strong></span> <span class='ocrx_word' id='word_1_418' title='bbox 524 2775 583 2808; x_wconf 86' lang='lat' dir='ltr'><strong>lug.</strong></span> <span class='ocrx_word' id='word_1_419' title='bbox 600 2781 676 2808; x_wconf 87' lang='lat'><strong>¹197·</strong></span> <span class='ocrx_word' id='word_1_420' title='bbox 712 2775 754 2801; x_wconf 80' lang='lat' dir='ltr'><strong>Fu</strong></span> <span class='ocrx_word' id='word_1_421' title='bbox 767 2778 906 2802; x_wconf 85' lang='lat' dir='ltr'><strong>coronato</strong></span> <span class='ocrx_word' id='word_1_422' title='bbox 919 2777 950 2802; x_wconf 77' lang='lat' dir='ltr'><strong>in</strong></span> <span class='ocrx_word' id='word_1_423' title='bbox 970 2776 1039 2802; x_wconf 87' lang='lat' dir='ltr'><strong>Ger-</strong></span> 
     </span>
     <span class='ocr_line' id='line_1_76' title="bbox 74 2815 1040 2851; baseline 0.002 -9"><span class='ocrx_word' id='word_1_424' title='bbox 74 2816 78 2821; x_wconf 83' lang='grc'><strong>“</strong></span> <span class='ocrx_word' id='word_1_425' title='bbox 146 2818 241 2842; x_wconf 71' lang='lat' dir='ltr'><strong>munla</strong></span> <span class='ocrx_word' id='word_1_426' title='bbox 260 2817 307 2842; x_wconf 87' lang='lat' dir='ltr'><strong>nel</strong></span> <span class='ocrx_word' id='word_1_427' title='bbox 326 2824 420 2842; x_wconf 80' lang='lat' dir='ltr'><strong>marzo</strong></span> <span class='ocrx_word' id='word_1_428' title='bbox 442 2815 510 2849; x_wconf 59' lang='lat'><strong>1498</strong></span> <span class='ocrx_word' id='word_1_429' title='bbox 529 2817 563 2841; x_wconf 90' lang='lat' dir='ltr'><strong>ed</strong></span> <span class='ocrx_word' id='word_1_430' title='bbox 581 2818 678 2842; x_wconf 76' lang='lat' dir='ltr'><strong>ucclso</strong></span> <span class='ocrx_word' id='word_1_431' title='bbox 697 2817 719 2842; x_wconf 80' lang='lat'><strong>11</strong></span> <span class='ocrx_word' id='word_1_432' title='bbox 744 2824 775 2842; x_wconf 81' lang='lat'><strong>21</strong></span> <span class='ocrx_word' id='word_1_433' title='bbox 801 2818 910 2851; x_wconf 81' lang='lat' dir='ltr'><strong>glugno</strong></span> <span class='ocrx_word' id='word_1_434' title='bbox 938 2819 1005 2844; x_wconf 78' lang='lat'>1208</span> <span class='ocrx_word' id='word_1_435' title='bbox 1023 2826 1040 2844; x_wconf 80' lang='lat' dir='ltr'><strong>a</strong></span> 
     </span>
     <span class='ocr_line' id='line_1_77' title="bbox 145 2858 1040 2893; baseline 0.003 -9"><span class='ocrx_word' id='word_1_436' title='bbox 145 2858 308 2893; x_wconf 75' lang='lat' dir='ltr'><strong>Banberger</strong></span> <span class='ocrx_word' id='word_1_437' title='bbox 325 2859 363 2884; x_wconf 79' lang='lat' dir='ltr'><strong>da</strong></span> <span class='ocrx_word' id='word_1_438' title='bbox 387 2858 496 2885; x_wconf 88' lang='lat' dir='ltr'><strong>Ottone</strong></span> <span class='ocrx_word' id='word_1_439' title='bbox 521 2861 606 2884; x_wconf 86' lang='lat' dir='ltr'><strong>conte</strong></span> <span class='ocrx_word' id='word_1_440' title='bbox 629 2859 768 2885; x_wconf 79' lang='lat' dir='ltr'><strong>Palatino</strong></span> <span class='ocrx_word' id='word_1_441' title='bbox 786 2860 816 2885; x_wconf 87' lang='lat' dir='ltr'><strong>dl</strong></span> <span class='ocrx_word' id='word_1_442' title='bbox 835 2860 1040 2887; x_wconf 78' lang='lat' dir='ltr'><strong>Wittelsbach:</strong></span> 
     </span>
     <span class='ocr_line' id='line_1_78' title="bbox 145 2901 512 2934; baseline 0.003 -8"><span class='ocrx_word' id='word_1_443' title='bbox 145 2901 274 2927; x_wconf 67' lang='lat' dir='ltr'><strong>Barnun</strong></span> <span class='ocrx_word' id='word_1_444' title='bbox 293 2908 357 2932; x_wconf 70' lang='lat' dir='ltr'><strong>ecc„</strong></span> <span class='ocrx_word' id='word_1_445' title='bbox 378 2909 405 2927; x_wconf 87' lang='lat' dir='ltr'><strong>n.</strong></span> <span class='ocrx_word' id='word_1_446' title='bbox 426 2901 475 2934; x_wconf 80' lang='lat'><strong>185</strong></span> <span class='ocrx_word' id='word_1_447' title='bbox 487 2910 512 2927; x_wconf 84' lang='lat' dir='ltr'><strong>a.</strong></span> 
     </span>
     <span class='ocr_line' id='line_1_79' title="bbox 70 2941 1040 2971; baseline 0.001 -2"><span class='ocrx_word' id='word_1_448' title='bbox 70 2966 75 2969; x_wconf 73' lang='grc'>,</span> <span class='ocrx_word' id='word_1_449' title='bbox 233 2941 245 2959; x_wconf 85' lang='lat'><strong>¹</strong></span> <span class='ocrx_word' id='word_1_450' title='bbox 262 2942 359 2969; x_wconf 81' lang='lat' dir='ltr'><strong>Leone</strong></span> <span class='ocrx_word' id='word_1_451' title='bbox 378 2943 519 2969; x_wconf 63' lang='lat' dir='ltr'><strong>&amp;Andria</strong></span> <span class='ocrx_word' id='word_1_452' title='bbox 539 2951 618 2969; x_wconf 88' lang='lat' dir='ltr'><strong>come</strong></span> <span class='ocrx_word' id='word_1_453' title='bbox 637 2944 798 2970; x_wconf 73' lang='lat' dir='ltr'><strong>castellano</strong></span> <span class='ocrx_word' id='word_1_454' title='bbox 817 2944 863 2970; x_wconf 85' lang='lat' dir='ltr'><strong>del</strong></span> <span class='ocrx_word' id='word_1_455' title='bbox 877 2945 996 2970; x_wconf 82' lang='lat' dir='ltr'><strong>castello</strong></span> <span class='ocrx_word' id='word_1_456' title='bbox 1010 2946 1040 2971; x_wconf 85' lang='lat' dir='ltr'><strong>di</strong></span> 
     </span>
     <span class='ocr_line' id='line_1_80' title="bbox 70 2983 1038 3021; baseline 0.002 -10"><span class='ocrx_word' id='word_1_457' title='bbox 70 2990 122 3021; x_wconf 28' lang='lat' dir='ltr'><strong>...zo</strong></span> <span class='ocrx_word' id='word_1_458' title='bbox 145 2983 244 3018; x_wconf 75' lang='lat' dir='ltr'><strong>Capua</strong></span> <span class='ocrx_word' id='word_1_459' title='bbox 262 2992 277 3010; x_wconf 82' lang='lat' dir='ltr'><strong>e</strong></span> <span class='ocrx_word' id='word_1_460' title='bbox 294 2987 463 3019; x_wconf 75' lang='lat' dir='ltr'><strong>glustlzlere</strong></span> <span class='ocrx_word' id='word_1_461' title='bbox 482 2987 510 3011; x_wconf 90' lang='lat' dir='ltr'><strong>lo</strong></span> <span class='ocrx_word' id='word_1_462' title='bbox 538 2987 562 3011; x_wconf 79' lang='lat' dir='ltr'><strong>si</strong></span> <span class='ocrx_word' id='word_1_463' title='bbox 587 2986 700 3012; x_wconf 68' lang='lat' dir='ltr'><strong>riti-ova</strong></span> <span class='ocrx_word' id='word_1_464' title='bbox 726 2987 756 3011; x_wconf 78' lang='lat' dir='ltr'><strong>in</strong></span> <span class='ocrx_word' id='word_1_465' title='bbox 782 2994 820 3012; x_wconf 91' lang='lat' dir='ltr'><strong>un</strong></span> <span class='ocrx_word' id='word_1_466' title='bbox 845 2987 983 3013; x_wconf 78' lang='lat' dir='ltr'><strong>mandato</strong></span> <span class='ocrx_word' id='word_1_467' title='bbox 1008 2988 1038 3013; x_wconf 89' lang='lat' dir='ltr'><strong>dl</strong></span> 
     </span>
     <span class='ocr_line' id='line_1_81' title="bbox 145 3026 1038 3064; baseline 0.001 -11"><span class='ocrx_word' id='word_1_468' title='bbox 145 3026 282 3054; x_wconf 70' lang='lat' dir='ltr'><strong>rederico</strong></span> <span class='ocrx_word' id='word_1_469' title='bbox 301 3028 327 3054; x_wconf 90' lang='lat'><strong>11</strong></span> <span class='ocrx_word' id='word_1_470' title='bbox 346 3029 392 3054; x_wconf 86' lang='lat' dir='ltr'><strong>del</strong></span> <span class='ocrx_word' id='word_1_471' title='bbox 412 3027 446 3054; x_wconf 82' lang='lat'><strong>28</strong></span> <span class='ocrx_word' id='word_1_472' title='bbox 465 3028 609 3062; x_wconf 59' lang='lat' dir='ltr'><strong>(Agostw</strong></span> <span class='ocrx_word' id='word_1_473' title='bbox 631 3028 744 3061; x_wconf 78' lang='lat'><em>1207).1</em></span> <span class='ocrx_word' id='word_1_474' title='bbox 763 3030 825 3054; x_wconf 78' lang='lat' dir='ltr'><strong>suoi</strong></span> <span class='ocrx_word' id='word_1_475' title='bbox 840 3031 971 3064; x_wconf 79' lang='lat' dir='ltr'><strong>rapporti</strong></span> <span class='ocrx_word' id='word_1_476' title='bbox 985 3034 1038 3054; x_wconf 83' lang='lat' dir='ltr'><strong>con</strong></span> 
     </span>
    </p>
   </div>
   <div class='ocr_carea' id='block_1_24' title="bbox 1092 2649 2052 3063">
    <p class='ocr_par' dir='ltr' id='par_1_24' title="bbox 1092 2649 2051 2851">
     <span class='ocr_line' id='line_1_82' title="bbox 1092 2649 1991 2683; baseline 0 -7"><span class='ocrx_word' id='word_1_477' title='bbox 1092 2650 1244 2683; x_wconf 87' lang='lat' dir='ltr'><strong>Diopoldo</strong></span> <span class='ocrx_word' id='word_1_478' title='bbox 1264 2657 1315 2675; x_wconf 84' lang='lat' dir='ltr'><strong>son</strong></span> <span class='ocrx_word' id='word_1_479' title='bbox 1335 2651 1399 2676; x_wconf 77' lang='lat' dir='ltr'><strong>noti</strong></span> <span class='ocrx_word' id='word_1_480' title='bbox 1413 2650 1451 2674; x_wconf 89' lang='lat' dir='ltr'><strong>fin</strong></span> <span class='ocrx_word' id='word_1_481' title='bbox 1465 2650 1615 2675; x_wconf 87' lang='lat' dir='ltr'><strong>dall&#39;anno</strong></span> <span class='ocrx_word' id='word_1_482' title='bbox 1632 2656 1708 2675; x_wconf 80' lang='lat'>1202.</span> <span class='ocrx_word' id='word_1_483' title='bbox 1734 2649 1779 2674; x_wconf 83' lang='lat' dir='ltr'><strong>Cf.</strong></span> <span class='ocrx_word' id='word_1_484' title='bbox 1793 2650 1913 2681; x_wconf 70' lang='lat' dir='ltr'><strong>HAMPa,</strong></span> <span class='ocrx_word' id='word_1_485' title='bbox 1925 2651 1991 2676; x_wconf 80' lang='lat' dir='ltr'><strong>Mit-</strong></span> 
     </span>
     <span class='ocr_line' id='line_1_83' title="bbox 1094 2692 1990 2725; baseline -0.001 -7"><span class='ocrx_word' id='word_1_486' title='bbox 1094 2693 1234 2725; x_wconf 69' lang='lat' dir='ltr'><strong>teilungen</strong></span> <span class='ocrx_word' id='word_1_487' title='bbox 1260 2701 1308 2718; x_wconf 83' lang='lat' dir='ltr'><strong>aus</strong></span> <span class='ocrx_word' id='word_1_488' title='bbox 1336 2694 1386 2718; x_wconf 80' lang='lat' dir='ltr'><strong>der</strong></span> <span class='ocrx_word' id='word_1_489' title='bbox 1413 2693 1556 2723; x_wconf 73' lang='lat' dir='ltr'><strong>Capuaner</strong></span> <span class='ocrx_word' id='word_1_490' title='bbox 1584 2692 1829 2725; x_wconf 77' lang='lat' dir='ltr'><strong>Briefsammlung,</strong></span> <span class='ocrx_word' id='word_1_491' title='bbox 1859 2692 1879 2721; x_wconf 87' lang='grc' dir='ltr'><strong>Ι,</strong></span> <span class='ocrx_word' id='word_1_492' title='bbox 1905 2700 1931 2724; x_wconf 90' lang='lat' dir='ltr'><strong>p.</strong></span> <span class='ocrx_word' id='word_1_493' title='bbox 1959 2699 1990 2718; x_wconf 79' lang='lat'><strong>21</strong></span> 
     </span>
     <span class='ocr_line' id='line_1_84' title="bbox 1094 2734 1991 2768; baseline 0 -8"><span class='ocrx_word' id='word_1_494' title='bbox 1094 2736 1125 2760; x_wconf 83' lang='lat' dir='ltr'><strong>ln</strong></span> <span class='ocrx_word' id='word_1_495' title='bbox 1144 2734 1503 2768; x_wconf 82' lang='lat' dir='ltr'><strong>Sitzungsberlchte</strong></span> <span class='ocrx_word' id='word_1_496' title='bbox 1529 2734 1589 2758; x_wconf 86' lang='lat' dir='ltr'><strong>der</strong></span> <span class='ocrx_word' id='word_1_497' title='bbox 1614 2734 1884 2766; x_wconf 84' lang='lat' dir='ltr'><strong>Heldelberger</strong></span> <span class='ocrx_word' id='word_1_498' title='bbox 1905 2735 1991 2760; x_wconf 76' lang='lat' dir='ltr'><strong>Aka-</strong></span> 
     </span>
     <span class='ocr_line' id='line_1_85' title="bbox 1095 2776 2051 2812; baseline 0 -10"><span class='ocrx_word' id='word_1_499' title='bbox 1095 2778 1224 2807; x_wconf 86' lang='lat' dir='ltr'><strong>demle,</strong></span> <span class='ocrx_word' id='word_1_500' title='bbox 1252 2784 1335 2809; x_wconf 81' lang='lat'>19103</span> <span class='ocrx_word' id='word_1_501' title='bbox 1359 2777 1443 2801; x_wconf 57' lang='lat' dir='ltr'><strong>Hans</strong></span> <span class='ocrx_word' id='word_1_502' title='bbox 1467 2776 1568 2804; x_wconf 75' lang='lat' dir='ltr'><strong>Nutsn,</strong></span> <span class='ocrx_word' id='word_1_503' title='bbox 1596 2777 1764 2801; x_wconf 80' lang='lat' dir='ltr'><strong>Materialen</strong></span> <span class='ocrx_word' id='word_1_504' title='bbox 1790 2776 1848 2805; x_wconf 75' lang='lat' dir='ltr'><strong>cit..</strong></span> <span class='ocrx_word' id='word_1_505' title='bbox 1868 2784 1915 2809; x_wconf 88' lang='lat' dir='ltr'><strong>pp.</strong></span> <span class='ocrx_word' id='word_1_506' title='bbox 1939 2776 1992 2809; x_wconf 84' lang='lat'><strong>386</strong></span> <span class='ocrx_word' id='word_1_507' title='bbox 2022 2785 2051 2812; x_wconf 75' lang='grc' dir='ltr'><strong>ις</strong></span> 
     </span>
     <span class='ocr_line' id='line_1_86' title="bbox 1095 2819 1190 2851; baseline 0 -7"><span class='ocrx_word' id='word_1_508' title='bbox 1095 2827 1110 2844; x_wconf 88' lang='lat' dir='ltr'><strong>e</strong></span> <span class='ocrx_word' id='word_1_509' title='bbox 1128 2819 1190 2851; x_wconf 89' lang='lat'>398.</span> 
     </span>
    </p>

    <p class='ocr_par' dir='ltr' id='par_1_25' title="bbox 1094 2859 2052 3063">
     <span class='ocr_line' id='line_1_87' title="bbox 1183 2859 1991 2894; baseline 0.01 -8"><span class='ocrx_word' id='word_1_510' title='bbox 1183 2859 1194 2876; x_wconf 83' lang='lat'>³</span> <span class='ocrx_word' id='word_1_511' title='bbox 1215 2859 1323 2890; x_wconf 76' lang='lat' dir='ltr'><strong>Questa</strong></span> <span class='ocrx_word' id='word_1_512' title='bbox 1336 2861 1460 2894; x_wconf 70' lang='lat' dir='ltr'><strong>epist01a</strong></span> <span class='ocrx_word' id='word_1_513' title='bbox 1480 2860 1667 2885; x_wconf 85' lang='lat' dir='ltr'><strong>d&#39;Innocenzo</strong></span> <span class='ocrx_word' id='word_1_514' title='bbox 1682 2859 1721 2884; x_wconf 92' lang='lat'><strong>111</strong></span> <span class='ocrx_word' id='word_1_515' title='bbox 1741 2860 1802 2890; x_wconf 65' lang='grc' dir='ltr'>(ιιι).</span> <span class='ocrx_word' id='word_1_516' title='bbox 1817 2860 1852 2891; x_wconf 89' lang='lat'><strong>11,</strong></span> <span class='ocrx_word' id='word_1_517' title='bbox 1872 2869 1897 2885; x_wconf 83' lang='lat' dir='ltr'><strong>n.</strong></span> <span class='ocrx_word' id='word_1_518' title='bbox 1921 2860 1991 2894; x_wconf 68' lang='lat'>133),</span> 
     </span>
     <span class='ocr_line' id='line_1_88' title="bbox 1095 2901 1986 2937; baseline 0.001 -10"><span class='ocrx_word' id='word_1_519' title='bbox 1095 2903 1145 2928; x_wconf 86' lang='lat' dir='ltr'><strong>che</strong></span> <span class='ocrx_word' id='word_1_520' title='bbox 1164 2903 1198 2929; x_wconf 88' lang='lat' dir='ltr'><strong>R.</strong></span> <span class='ocrx_word' id='word_1_521' title='bbox 1218 2911 1327 2937; x_wconf 80' lang='lat' dir='ltr'><strong>appena</strong></span> <span class='ocrx_word' id='word_1_522' title='bbox 1346 2910 1436 2928; x_wconf 81' lang='lat' dir='ltr'><strong>aveva</strong></span> <span class='ocrx_word' id='word_1_523' title='bbox 1451 2905 1605 2928; x_wconf 82' lang='lat' dir='ltr'><strong>accennata</strong></span> <span class='ocrx_word' id='word_1_524' title='bbox 1619 2903 1665 2927; x_wconf 77' lang='lat' dir='ltr'><strong>nel</strong></span> <span class='ocrx_word' id='word_1_525' title='bbox 1682 2902 1695 2916; x_wconf 76' lang='lat'><em>“</em></span> <span class='ocrx_word' id='word_1_526' title='bbox 1706 2901 1852 2928; x_wconf 82' lang='lat' dir='ltr'><strong>Chronica</strong></span> <span class='ocrx_word' id='word_1_527' title='bbox 1866 2904 1962 2935; x_wconf 79' lang='lat' dir='ltr'><strong>prlora</strong></span> <span class='ocrx_word' id='word_1_528' title='bbox 1973 2922 1986 2936; x_wconf 85' lang='lat' dir='ltr'><em>n</em></span> 
     </span>
     <span class='ocr_line' id='line_1_89' title="bbox 1095 2945 1989 2978; baseline 0 -8"><span class='ocrx_word' id='word_1_529' title='bbox 1095 2945 1152 2978; x_wconf 75' lang='lat' dir='ltr'><strong>puo</strong></span> <span class='ocrx_word' id='word_1_530' title='bbox 1170 2947 1332 2978; x_wconf 77' lang='lat' dir='ltr'><strong>assegnarsl</strong></span> <span class='ocrx_word' id='word_1_531' title='bbox 1353 2947 1395 2970; x_wconf 81' lang='lat' dir='ltr'><strong>fra</strong></span> <span class='ocrx_word' id='word_1_532' title='bbox 1415 2946 1436 2970; x_wconf 88' lang='lat' dir='ltr'><strong>il</strong></span> <span class='ocrx_word' id='word_1_533' title='bbox 1451 2946 1545 2977; x_wconf 84' lang='lat' dir='ltr'><strong>luglio</strong></span> <span class='ocrx_word' id='word_1_534' title='bbox 1565 2954 1579 2970; x_wconf 91' lang='lat' dir='ltr'><strong>e</strong></span> <span class='ocrx_word' id='word_1_535' title='bbox 1592 2946 1716 2978; x_wconf 81' lang='lat' dir='ltr'><strong>l’agosto</strong></span> <span class='ocrx_word' id='word_1_536' title='bbox 1734 2946 1807 2978; x_wconf 80' lang='lat'><strong>1208,</strong></span> <span class='ocrx_word' id='word_1_537' title='bbox 1829 2947 1953 2971; x_wconf 81' lang='lat' dir='ltr'><strong>secondo</strong></span> <span class='ocrx_word' id='word_1_538' title='bbox 1969 2947 1989 2971; x_wconf 82' lang='lat' dir='ltr'><strong>il</strong></span> 
     </span>
     <span class='ocr_line' id='line_1_90' title="bbox 1094 2987 2052 3021; baseline 0 -8"><span class='ocrx_word' id='word_1_539' title='bbox 1094 2988 1262 3018; x_wconf 75' lang='grc' dir='ltr'><strong>ΡοττΗΑετ,</strong></span> <span class='ocrx_word' id='word_1_540' title='bbox 1282 2996 1309 3013; x_wconf 89' lang='lat' dir='ltr'><strong>n.</strong></span> <span class='ocrx_word' id='word_1_541' title='bbox 1329 2994 1411 3021; x_wconf 69' lang='lat'><strong>3473:</strong></span> <span class='ocrx_word' id='word_1_542' title='bbox 1431 2988 1555 3013; x_wconf 58' lang='lat' dir='ltr'><strong>Boanum</strong></span> <span class='ocrx_word' id='word_1_543' title='bbox 1570 2995 1634 3017; x_wconf 71' lang='lat' dir='ltr'><strong>ecc..</strong></span> <span class='ocrx_word' id='word_1_544' title='bbox 1650 2996 1697 3013; x_wconf 89' lang='lat' dir='ltr'><strong>nn.</strong></span> <span class='ocrx_word' id='word_1_545' title='bbox 1711 2987 1789 3017; x_wconf 80' lang='lat'><strong>6020,</strong></span> <span class='ocrx_word' id='word_1_546' title='bbox 1803 2996 1818 3013; x_wconf 89' lang='lat' dir='ltr'><strong>e</strong></span> <span class='ocrx_word' id='word_1_547' title='bbox 1831 2988 1908 3018; x_wconf 82' lang='lat'>6028.</span> <span class='ocrx_word' id='word_1_548' title='bbox 1923 2989 1989 3014; x_wconf 84' lang='lat' dir='ltr'><strong>l’as-</strong></span> <span class='ocrx_word' id='word_1_549' title='bbox 2018 2999 2052 3018; x_wconf 86' lang='lat'><strong>20</strong></span> 
     </span>
     <span class='ocr_line' id='line_1_91' title="bbox 1095 3029 1677 3063; baseline 0 -9"><span class='ocrx_word' id='word_1_550' title='bbox 1095 3037 1221 3063; x_wconf 81' lang='lat' dir='ltr'><strong>segnano</strong></span> <span class='ocrx_word' id='word_1_551' title='bbox 1241 3031 1338 3055; x_wconf 87' lang='lat' dir='ltr'><strong>lnvece</strong></span> <span class='ocrx_word' id='word_1_552' title='bbox 1359 3030 1415 3055; x_wconf 75' lang='lat' dir='ltr'><strong>alla</strong></span> <span class='ocrx_word' id='word_1_553' title='bbox 1434 3030 1490 3055; x_wconf 80' lang='lat' dir='ltr'><strong>fine</strong></span> <span class='ocrx_word' id='word_1_554' title='bbox 1508 3029 1553 3054; x_wconf 88' lang='lat' dir='ltr'><strong>del</strong></span> <span class='ocrx_word' id='word_1_555' title='bbox 1574 3030 1677 3062; x_wconf 85' lang='lat' dir='ltr'><strong>lugllo.</strong></span> 
     </span>
    </p>
   </div>
   <div class='ocr_carea' id='block_1_25' title="bbox 0 1011 92 3444">
    <p class='ocr_par' dir='ltr' id='par_1_26' title="bbox 0 1011 92 3444">
     <span class='ocr_line' id='line_1_92' title="bbox 0 1011 92 3444; baseline 0 0"><span class='ocrx_word' id='word_1_556' title='bbox 0 1011 92 3444; x_wconf 95' lang='lat' dir='ltr'><strong>   </strong></span> 
     </span>
    </p>
   </div>
  </div>
 </body>
</html>
