2320 3444
194 1924 215 1940 c.
228 1923 281 1943 Jtr

371 232 439 271 178
825 228 1099 265 RYCCARDI
1127 228 1200 263 DE
1229 227 1441 264 SANCTO
1470 227 1738 264 GERMANO
2039 236 2090 272 [A.
2112 237 2207 273 12:321

362 369 469 407 gento
485 364 648 400 laborant,
663 361 824 402 sellarios,
840 361 1005 393 scutarios
1019 360 1195 400 frenarios
1210 363 1310 402 atque
1325 359 1513 402 lormerios,
1530 360 1752 403 camerarios,
1760 360 1895 405 fabros,
1912 363 1975 406 qui
1987 363 2055 396 eris
2067 368 2102 395 et
2108 363 2211 407 ferri

364 427 564 460 quecumque
597 419 704 458 opera
732 415 875 456 faciunt.
922 414 1074 446 Balistas
1097 414 1198 445 etiam
1221 413 1396 456 facientes
1426 424 1466 446 ac
1494 424 1595 446 arcus
1625 419 1658 446 et
1679 415 1895 457 generaliter
1917 426 2028 449 omnes
2051 417 2208 456 artifices,

365 482 436 504 cum
449 470 523 514 fide
547 474 579 501 et
599 468 720 509 studio,
744 471 850 511 prout
873 467 1096 510 unusquisque
1119 467 1302 508 artificium
1326 467 1442 499 melius
1463 468 1608 506 nouerit,
1631 468 1782 500 uolumus
1805 470 1958 511 operari.
2003 467 2208 514 Specialiter

363 528 473 555 autem
497 522 659 554 scutariis
675 525 709 552 et
722 521 873 553 sellariis
895 520 1122 562 iniungimus,
1139 524 1177 551 ut
1191 523 1360 563 emptores
1382 521 1571 553 certiorare
1585 521 1733 560 fideliter
1747 521 1900 560 debeant,
1923 527 2036 555 utrum
2060 526 2208 566 argento

363 577 419 608 uel
430 581 547 607 stanno
569 574 787 618 superposito
810 575 879 605 sint
900 576 1045 616 picture,
1071 577 1106 604 et
1127 574 1218 616 quod
1230 573 1332 605 sellas
1355 578 1389 605 et
1409 578 1503 606 scuta
1527 575 1659 606 munire
1674 574 1815 606 debeant
1837 576 2035 608 necessariis
2055 577 2206 619 guarni·
2251 577 2269 609 5

363 629 489 661 mentis.
538 627 714 660 Boccerios
737 631 847 658 autem
872 631 905 658 ct
924 627 1071 669 piscium
1102 627 1303 664 uenditores,
1335 626 1397 669 qui
1417 626 1487 658 uite
1517 627 1684 659 hominum
1712 628 1904 660 necessaria
1926 628 2207 672 sumministrant,

362 687 395 714 et
417 693 458 713 ex
479 692 617 722 qnorum
636 680 821 723 fraudibus
842 683 954 723 posset
977 690 1041 710 non
1058 680 1285 711 tantummodo
1300 680 1395 712 rebus
1410 684 1462 712 set
1476 683 1509 712 te
1525 682 1680 723 personis
1696 681 1798 713 etiam
1821 681 2006 713 maximum
2022 682 2208 726 dampnum

363 735 494 777 inferri
513 735 547 766 in
572 745 686 767 eorum
711 733 877 765 mercibus
900 739 932 765 et
947 733 1213 771 mercationibus,
1230 733 1383 765 uolumus
1399 744 1468 765 esse
1472 733 1604 776 fideles,
1621 734 1782 767 uidelicet
1796 739 1834 766 ut
1854 736 1988 778 scrofas
2002 738 2069 779 pro
2081 735 2208 780 porcis.

363 788 420 820 uel
440 799 559 820 carnes
582 787 788 826 morticinas,
807 787 863 819 uel
884 787 924 818 ab
948 798 1012 818 uno
1035 787 1091 818 die
1114 787 1149 818 in
1171 787 1275 818 alium
1298 792 1502 829 reseruataS,
1525 787 1559 819 si
1579 788 1639 820 hec
1661 788 1870 831 emptoribus
1890 799 1955 820 non
1977 789 2209 832 predixerint,

361 853 419 874 seu
441 842 728 884 qualitercumque
750 844 934 884 corruptas
956 840 1011 872 uel
1031 840 1189 884 infectas,
1201 841 1237 872 in
1259 841 1442 884 dampnum
1465 845 1499 872 et
1521 841 1750 884 deceptionem
1767 845 1959 885 emptorum
1975 842 2121 875 uendere
2142 853 2209 876 non
2234 841 2275 876 10

359 899 569 939 presumant.
621 894 823 926 Uenditores
846 894 949 925 etiam
972 894 1118 937 piscium
1141 894 1177 926 in
1199 894 1375 938 corruptis
1393 894 1546 938 piscibus
1568 905 1633 926 non
1655 895 1840 927 uendendis
1862 900 1922 927 aut
1944 896 1985 928 ab
2008 906 2073 928 uno
2096 896 2152 930 die
2173 897 2211 929 in

362 949 465 980 alium
489 948 684 985 reseruatis,
706 947 779 979 sine
802 947 1016 990 predictiane
1038 947 1195 979 similiter
1214 947 1322 990 fidem
1353 948 1565 991 precipimus
1589 948 1780 985 obseruariz
1806 952 1840 980 et
1861 953 1899 981 ut
1917 949 2075 993 predicti
2100 959 2212 982 munes

362 1007 396 1035 et
417 1002 555 1045 singuli
573 1001 732 1045 superius
755 1001 927 1042 nominati,
950 1011 1066 1032 rerum
1090 1000 1213 1032 uitium
1237 1001 1491 1033 uendendarum
1509 1012 1551 1033 ex
1563 1002 1640 1044 fide
1654 1002 1858 1045 predicant3
1882 1006 1917 1034 et
1929 1007 1967 1034 ut
1981 1002 2069 1036 cibos
2089 1003 2211 1047 pridie

360 1058 573 1099 preparatas
596 1059 628 1086 et
650 1055 685 1086 in
709 1054 764 1086 die
778 1053 891 1086 altera
906 1053 1102 1097 calefactos,
1118 1053 1279 1086 similiter
1293 1054 1365 1086 sine
1386 1053 1600 1097 predictione
1621 1065 1687 1086 non
1702 1055 1859 1087 uendant.
1888 1055 2091 1088 Uenditores
2104 1055 2207 1089 etiam

362 1109 579 1141 candelarum
603 1119 659 1140 eas
670 1108 828 1151 fideliter
841 1107 992 1151 faciant,
1016 1117 1077 1139 nec
1099 1107 1134 1139 in
1150 1109 1198 1140 eis
1220 1107 1256 1139 in
1279 1111 1468 1151 emptorum
1491 1108 1707 1151 dispendium
1730 1109 1863 1152 aliquid
1882 1119 1959 1142 cere
1981 1109 2211 1149 ammisceant‚
2237 1109 2293 1143 15:

361 1173 418 1194 nec
439 1163 475 1194 in
498 1163 545 1193 eis
566 1162 635 1194 nisi
655 1161 869 1193 bombicinum
889 1161 1058 1205 papirum
1082 1163 1268 1204 apponant,
1291 1160 1350 1192 uel
1368 1161 1519 1194 sialiter
1533 1161 1684 1201 fecerint
1705 1162 1828 1194 exinde
1843 1165 2013 1206 emptores
2036 1162 2214 1196 cohercere

365 1215 540 1248 curabunt.

458 1269 680 1301 Tabernariis
709 1272 819 1300 autem
850 1272 884 1299 et
916 1268 1146 1301 uenditoribus
1175 1268 1252 1301 uini
1279 1268 1479 1311 quibuslibet
1507 1268 1727 1311 prohibemus
1757 1279 1798 1301 ne
1830 1269 1979 1302 uendere
2011 1272 2212 1313 presumant

363 1323 478 1355 uinum
501 1322 709 1366 lymphatum
731 1325 800 1365 pro
822 1324 922 1365 puro.
970 1321 1100 1355 Mallus
1122 1322 1158 1354 in
1172 1322 1303 1365 Regno
1318 1326 1433 1354 nostro
1450 1322 1580 1354 laboret
1594 1333 1727 1365 aurum,
1743 1323 1834 1366 quod
1844 1325 1913 1366 per
1927 1323 2050 1356 libram
2065 1323 2108 1356 de
2119 1326 2213 1368 puro

362 1380 475 1408 teneat
489 1376 598 1408 minus
613 1386 713 1418 quam
729 1379 798 1407 octo
814 1375 947 1412 unciam
963 1375 1125 1407 similiter
1139 1380 1173 1407 et
1188 1380 1376 1418 argentum
1392 1376 1483 1418 quod
1496 1377 1606 1408 minus
1620 1376 1660 1408 xi
1672 1377 1849 1408 unciarum
1862 1377 1953 1420 puri
1969 1377 2126 1420 argenti,
2141 1381 2209 1421 per
2231 1378 2275 1411 20
2292 1371 2294 1374 ¹

362 1430 484 1463 libram
507 1434 618 1462 tenere
641 1434 806 1462 noscatur.
852 1429 960 1471 ,Quod
970 1430 1112 1473 optinet,
1128 1430 1199 1461 siue
1213 1429 1330 1462 uenale
1344 1432 1428 1473 opus
1444 1429 1638 1462 huiusmodi
1658 1430 1815 1472 aurifices
1836 1433 1903 1474 pro
1917 1441 1952 1463 se
1964 1429 2118 1474 faciant,
2141 1431 2214 1464 siue

362 1483 403 1516 ab
414 1484 483 1515 alio
498 1486 638 1526 recepta
654 1483 799 1515 materia
815 1485 900 1526 opus
904 1483 1062 1526 fingant,
1080 1486 1118 1515 ut
1133 1482 1258 1520 anulos,
1272 1482 1401 1524 fibulas,
1417 1483 1630 1526 parapsydes
1644 1483 1700 1515 uel
1713 1486 1845 1527 cuppas
1860 1494 1983 1516 aureas
1997 1484 2070 1516 sive
2085 1494 2214 1528 argen-

364 1543 444 1576 teas,
468 1538 504 1570 in
526 1537 644 1580 quibus
665 1537 799 1580 aliquid
819 1536 912 1569 ultra
931 1537 1126 1580 predictam
1147 1536 1371 1580 quantitatem
1395 1541 1430 1569 et
1442 1536 1600 1580 formam
1622 1549 1645 1569 a
1664 1538 1835 1581 predictis
1857 1537 2002 1570 domim's
2016 1538 2214 1572 ammisceri

363 1594 513 1635 petatur.
567 1591 618 1623 Et
629 1595 666 1622 ut
681 1591 788 1622 omnis
799 1590 986 1632 artificibus
1000 1590 1086 1634 ipsis
1101 1591 1416 1623 committendarum
1422 1589 1608 1633 fraudium
1624 1591 1683 1623 uia
1699 1595 1733 1623 et
1747 1591 1895 1624 materia
1907 1591 2133 1634 precludatur
2145 1594 2214 1636 per
2294 1636 2296 1638 Ι

363 1645 434 1677 loca
457 1645 594 1685 quelibet
616 1645 698 1676 duos
721 1644 815 1687 eligi
827 1644 978 1676 uolumus
996 1645 1065 1685 fide
1081 1644 1217 1686 dignos,
1240 1647 1304 1688 per
1320 1649 1413 1677 terre
1435 1645 1562 1677 baiulos
1584 1645 1801 1684 ordinandos,
1825 1645 1943 1688 quibus
1964 1645 2213 1678 imminentibus
2234 1646 2277 1680 25

362 1699 521 1742 predicta
545 1698 658 1730 omnia
673 1698 709 1730 in
730 1702 822 1730 statu
846 1698 1044 1731 conservari
1062 1698 1207 1730 debeant
1227 1703 1261 1730 et
1283 1698 1393 1731 debite
1409 1699 1619 1731 execuctioni
1638 1699 1806 1737 contradi,
1828 1710 1869 1731 ac
1890 1702 1958 1743 per
1973 1710 2028 1732 eos
2041 1699 2210 1743 artificum

353 1752 506 1796 fraudes
521 1755 636 1783 nostre
657 1752 749 1784 curie
772 1752 970 1784 nuntientur
977 1764 990 1794 ;
1012 1763 1153 1795 quorum
1177 1752 1370 1795 officialium
1394 1753 1528 1784 nomina
1546 1755 1613 1796 per
1628 1752 1762 1785 litteras
1775 1751 1835 1784 sub
1848 1753 1980 1795 sigillo,
1996 1757 2031 1785 et
2043 1753 2213 1798 subscrip-

362 1806 505 1838 tionibus
526 1807 727 1850 eligentium
751 1817 815 1844 eos,
838 1811 872 1838 et
887 1817 1013 1846 eorum,
1036 1806 1098 1850 qui
1118 1806 1154 1839 in
1176 1806 1242 1838 hiis
1263 1806 1438 1839 consilium
1461 1806 1629 1847 dederint,
1652 1807 1836 1850 eligendis,
1852 1806 1900 1838 ad
1919 1817 1977 1839 nos
1998 1808 2056 1840 uel
2067 1807 2213 1841 locorum

362 1860 512 1892 dominos
534 1860 684 1892 uolumus
707 1860 884 1898 destinari,
908 1865 947 1892 ut
968 1871 1010 1892 ex
1023 1860 1275 1904 approbatione
1296 1865 1414 1893 nostra
1436 1865 1471 1892 et
1491 1861 1638 1893 aliorum
1661 1871 1802 1904 quorum
1825 1861 1987 1893 intererit
1999 1861 2215 1895 retineantur

357 1913 492 1956 ydonei,
517 1918 551 1946 et
573 1924 639 1946 non
654 1914 783 1957 ydonei
802 1912 1028 1956 refutentur,'
1045 1914 1081 1946 in
1097 1925 1212 1946 eorum
1228 1913 1334 1946 locum
1350 1914 1412 1957 qui
1424 1914 1534 1946 minus
1543 1915 1672 1957 ydonei
1674 1914 1819 1958 fuerint
1833 1914 1869 1946 in
1890 1914 2083 1958 subscripta
2089 1913 2213 1960 forma
2236 1915 2279 1948 30
2300 1944 2305 1952 ,

356 1967 498 2010 ydoneis
519 1968 760 2010 subrogandis.
806 1967 903 2010 ¹‚Quos
925 1967 1085 2010 officiales,
1098 1971 1136 1999 ut
1157 1967 1295 2010 officium
1318 1968 1384 2000 sibi
1405 1968 1570 2000 creditum
1584 1967 1743 2011 fideliter
1758 1972 1792 2000 et
1814 1967 2005 2011 diligenter
2026 1972 2214 2007 exerceant,

362 2021 462 2053 tactis
484 2022 710 2054 sacrosanctis
732 2021 926 2064 euangeliis
940 2021 1148 2054 sacramenti
1167 2021 1330 2061 religione
1352 2021 1503 2053 uolumus
1518 2021 1684 2063 obligari.
1731 2021 1928 2054 Electorum
1953 2022 2056 2054 etiam
2078 2021 2215 2054 namna

363 2074 595 2118 predictorum
619 2075 656 2107 in
678 2075 955 2118 quaternionibus
978 2079 1091 2107 nostre
1105 2075 1200 2108 curie
1223 2076 1374 2107 uolumus
1396 2075 1572 2113 contineri,
1596 2080 1633 2107 ut
1655 2075 1697 2107 de
1721 2075 1769 2107 eis
1791 2075 1956 2107 dubitatio
1978 2075 2015 2107 in
2037 2078 2211 2119 posterum

363 2129 455 2160 oriri
474 2139 538 2160 non
561 2130 679 2172 possit.
725 2128 913 2162 Statuimus
945 2129 1048 2161 etiam
1078 2130 1314 2161 constitutione
1342 2129 1508 2172 presenti,
1532 2133 1570 2160 ut
1601 2128 1711 2160 baiuli
1738 2128 1854 2167 nostri,
1878 2130 1940 2172 qui
1957 2132 2027 2172 pro
2057 2131 2213 2174 tempore

357 2182 508 2225 suerint,
531 2183 772 2226 operariorum
795 2186 930 2226 operas,
952 2186 987 2214 et
1007 2183 1326 2215 uindemmiatorum
1342 2193 1523 2215 messorum
1540 2187 1573 2214 et
1586 2183 1758 2225 similium,
1780 2183 1839 2215 sub
1857 2187 1949 2215 certa
1964 2183 2118 2216 mercede
2133 2193 2209 2216 con-
2231 2182 2271 2216 35

362 2235 515 2273 stituant,
528 2236 622 2268 cuius
633 2237 876 2269 constitutionis
891 2241 1013 2268 metam
1031 2237 1236 2279 transgredi
1249 2237 1423 2280 operariis
1441 2247 1505 2268 non
1521 2236 1654 2274 licebit3
1671 2247 1771 2279 quam
1794 2237 1828 2268 si
1841 2237 2054 2280 transgressi
2059 2235 2209 2280 fuerint,

366 2293 400 2320 et
421 2293 596 2332 acceptam
613 2291 799 2322 mercedem
815 2291 1020 2329 ammittant,
1035 2294 1069 2322 et
1082 2289 1314 2333 quadruplum
1329 2289 1431 2322 Curie
1447 2294 1560 2322 nostre
1575 2290 1713 2325 soluent.
1754 2290 1805 2323 Et
1818 2294 1856 2322 ut
1868 2289 2020 2334 fraudes
2040 2290 2211 2331 artificum

362 2343 578 2385 singulorum
599 2347 691 2387 pena
715 2354 779 2375 non
794 2348 944 2381 careant,
965 2344 998 2375 si
1013 2348 1132 2376 contra
1149 2343 1412 2387 prohibitionem
1432 2347 1465 2375 et
1487 2344 1735 2376 ordinationem
1758 2347 1907 2376 nostram
1927 2344 1963 2376 in
1986 2353 2102 2376 eorum
2124 2344 2210 2376 arti·
2307 2337 2311 2344 ⁴

353 2395 448 2438 ficiis
471 2396 602 2428 inuenti
614 2396 755 2440 fuerint
777 2397 887 2429 dolose
908 2397 1054 2435 uersari,
1074 2397 1195 2440 prima
1219 2397 1292 2428 uice
1316 2396 1542 2440 deprehensus
1573 2397 1610 2428 in
1640 2397 1716 2429 dolo
1735 2397 1835 2440 falsa
1864 2400 1973 2440 opera
1987 2396 2136 2440 faciens,
2159 2395 2216 2429 uel
2306 2433 2309 2440 ,

364 2449 494 2481 cibaria
510 2450 684 2492 prohibita
706 2461 764 2482 seu
786 2453 964 2494 corrupta,
987 2450 1042 2482 uel
1061 2450 1175 2482 uinum
1192 2449 1401 2494 lymphatum
1417 2453 1485 2493 pro
1498 2453 1590 2494 puro
1605 2451 1790 2490 uendendo,
1805 2450 1924 2483 libram
1940 2450 2022 2483 auri
2031 2449 2215 2493 purissimi
2234 2451 2278 2483 40
2305 2425 2320 2514 j

363 2502 441 2542 fisco
456 2507 568 2535 nostro
590 2507 767 2547 componat
773 2516 785 2546 ;
808 2514 908 2547 quam
931 2504 964 2535 si
983 2506 1134 2547 propter
1156 2504 1309 2547 inopiam
1332 2505 1418 2536 dare
1440 2515 1505 2536 non
1527 2505 1667 2547 poterit,
1682 2503 1893 2548 fustigetur.
1931 2503 2064 2536 Iterato
2093 2504 2216 2548 depre-
2310 2510 2320 2530 i

366 2556 483 2588 hensus
506 2556 542 2587 in
556 2557 670 2595 simili,
687 2568 820 2589 manum
844 2558 988 2601 perdat3
1013 2558 1114 2589 tertio
1130 2557 1359 2601 deprehensus
1374 2557 1460 2589 talia
1471 2561 1692 2602 perpetrare,
1709 2558 1746 2590 in
1750 2558 1869 2601 furcis
1884 2557 2000 2590 mortis
2022 2557 2212 2601 periculum
2305 2532 2320 2606 Ξ

2310 2606 2320 2755 ἔ

2313 2763 2320 2782 4,

2310 2839 2320 2857 Ἰ.

460 2699 481 2716 1.
502 2692 625 2716 lotarius
645 2692 756 2721 GAun.;
777 2693 920 2722 lamerios‚
940 2693 1119 2718 candelarios
1141 2694 1228 2717 Const.
1250 2705 1281 2711 —
1301 2699 1326 2718 2.
1347 2694 1471 2718 formant
1491 2702 1540 2718 non
1560 2694 1673 2718 faciunt
1695 2694 1784 2719 Const.
1797 2707 1827 2711 -—
1842 2700 1866 2724 4.
1880 2692 2015 2718 studeant
2027 2689 2076 2718 ἡαπ
2090 2692 2211 2718 debeant

372 2735 459 2758 Const.
480 2747 511 2750 —-
534 2740 558 2765 5.
578 2742 646 2759 auro
666 2736 818 2767 supposito
838 2744 886 2760 non
912 2736 1093 2767 superposito
1116 2735 1203 2760 Const.
1223 2748 1256 2752 —
1276 2734 1300 2760 6.
1320 2736 1458 2760 Buzerios
1479 2737 1568 2761 Const.
1588 2749 1620 2754 —
1644 2743 1682 2760 11.
1706 2738 1734 2760 et
1759 2744 1807 2760 non
1832 2737 1882 2760 aut
1909 2736 1996 2760 Const.
2021 2748 2053 2753 —
2083 2741 2123 2761 12.
2148 2735 2211 2760 sine

369 2776 548 2807 predictione
567 2777 702 2801 similiter
716 2778 868 2802 reservatis
880 2777 1034 2802 calefactos
1053 2777 1189 2802 similiter
1207 2777 1297 2807 fidem,
1316 2777 1414 2802 varz
1433 2787 1446 2802 e
1466 2778 1560 2803 Gamo.
1579 2792 1588 2797 -
1602 2778 1796 2810 predictlones
1811 2786 1858 2802 non
1872 2778 1994 2810 predicti
2010 2785 2107 2802 omnes
2121 2777 2211 2803 Com.

370 2831 402 2834 —
426 2823 463 2848 15.
483 2819 661 2843 immisceant
677 2820 766 2844 Const.
781 2833 811 2837 —
829 2819 917 2851 16-17.
931 2821 1061 2852 papirum
1081 2819 1241 2848 includant.
1261 2820 1306 2844 vel
1324 2821 1348 2844 si
1368 2820 1454 2845 aliter
1475 2822 1595 2845 fecerint
1614 2822 1756 2854 emptores
1775 2820 1879 2845 exinde
1899 2822 2051 2845 certiorare
2071 2820 2210 2845 curabunt

371 2861 458 2884 Const.
479 2874 511 2877 —
541 2861 580 2885 18.
606 2861 727 2886 audeant
747 2871 794 2886 non
821 2864 986 2895 presumant
1015 2862 1101 2886 Const.
1122 2875 1153 2879 —
1177 2869 1216 2894 19.
1236 2862 1270 2886 de
1289 2870 1360 2894 puro
1380 2870 1448 2892 non,
1468 2871 1485 2887 n
1505 2865 1654 2888 cancellato
1674 2864 1752 2892 θοάς
1772 2863 1806 2888 de
1825 2870 1894 2887 auro
1914 2870 1985 2896 puro
2008 2862 2095 2888 Const-
2115 2875 2148 2880 --
2167 2868 2210 2887 21.
2258 2869 2272 2895 5
2309 2866 2320 2892 ξ

370 2902 489 2926 artifices
509 2911 557 2927 non
575 2903 703 2928 aurifices
725 2906 811 2929 Const.
826 2919 858 2922 —
873 2911 964 2937 ²3·24·
980 2905 1098 2929 formam
1112 2913 1127 2929 a
1142 2906 1323 2930 materiarum
1338 2906 1466 2930 dominis
1479 2907 1635 2931 immlsceri
1652 2906 1770 2931 minime
1782 2907 1896 2938 petatur
1911 2907 1998 2931 Const.
2013 2919 2045 2924 —
2059 2904 2100 2930 26.
2114 2904 2209 2930 debite
2317 2901 2320 2904 ⁴

368 2946 529 2969 executioni
550 2947 683 2970 mandare
702 2948 730 2970 et
754 2947 1019 2971 contradicentibus
1045 2955 1073 2971 se
1092 2954 1235 2980 opponere
1257 2948 1343 2972 Const.
1364 2961 1396 2965 —
1415 2954 1460 2979 35.
1479 2955 1635 2973 messorum
1660 2948 1780 2978 scilicet,
1805 2948 2078 2972 vendemmIatorum
2106 2947 2210 2976 Const.;

371 2994 523 3011 messorum
543 2989 571 3011 et
596 2989 837 3014 vindemiatorum
863 2989 961 3014 PER-rz
987 3003 1019 3007 —
1045 2995 1087 3021 37.
1108 2991 1205 3014 nostre
1225 2991 1302 3014 curie
1321 2989 1419 3015 Pam-z
1438 3004 1471 3008 —
1492 2998 1534 3022 41.
1554 2991 1662 3015 Iterato
1682 2998 1750 3016 vero
1771 2991 1860 3016 Const.
1883 3004 1915 3009 —
1941 2997 2030 3023 41-42.
2055 2990 2209 3023 deprensus

370 3036 417 3052 non
437 3029 625 3062 deprehensus
644 3031 741 3055 PERTz
763 3046 792 3049 —->
815 3039 857 3064 4²·
877 3039 1028 3065 suspensus
1049 3033 1079 3055 in
1098 3032 1187 3056 furcis
1209 3033 1295 3057 Const,
