2320 3444
129 241 204 268 Mun..
220 249 253 266 cc.
263 248 339 268 973-7⁴

126 527 236 547 Datames
279 525 342 546 easi-

152 553 229 573 nenst's
290 558 342 573 cum

153 580 273 605 Dyopuldo
305 585 342 599 eu-

152 608 247 627 stellano
268 607 342 627 Rocce

152 634 221 654 Arcis
235 634 259 653 in
275 633 339 653 Cam-

150 661 222 686 partia
235 661 338 685 occupat,

125 1357 162 1377 De
180 1334 279 1376 „faofi-¹15„
299 1355 342 1375 Lo-

148 1384 241 1408 gerstete
255 1383 326 1407 segis.

127 1696 207 1721 captio
247 1695 338 1716 comitis

153 1722 241 1745 calent.

304 2278 336 2295 10

305 2490 333 2517 15

305 2700 338 2718 ²0

307 2913 338 2939 ²5

373 229 416 268 14
815 227 1106 265 RYCCARDI
1135 228 1208 263 DE
1237 223 1458 263 SANCTO
1489 223 1767 263 GERMANO
1908 231 1995 268 [ΑΛ.
2016 232 2211 270 1191-11921
2267 224 2272 278 j

367 304 2185 315 ..............................................................................................................................................................................................
2187 305 2209 312 ,⁸

363 366 448 399 uerii
462 366 471 384 ¹
495 365 727 398 Teutonicum
751 363 936 408 quemdam
959 362 1003 395 ab
1024 361 1240 404 Imperatore
1263 361 1300 393 in
1322 360 1430 395 Atino
1453 361 1614 394 relictum
1631 359 1713 394 dolo
1729 360 1904 400 interficit,
1920 366 1957 395 et
1977 372 1999 394 a
2021 361 2088 394 iam
2111 361 2209 396 dicto

363 429 446 464 rege
469 418 561 462 apud
585 418 726 450 Atinum
749 416 889 460 quidam
913 414 1111 459 Roggerius
1134 415 1179 447 de
1202 414 1347 448 Foresta
1371 414 1531 458 dirigitur
1543 413 1565 447 ⁸.

450 524 660 558 M⁰CXCII⁰.
707 524 828 556 Dictus
858 522 1059 556 Adenulfus
1088 521 1286 555 Casinensis
1315 522 1469 555 decanus
1498 522 1595 554 facta
1625 521 1878 564 compositione
1910 532 1988 555 cum
2017 522 2207 567 Dyopuldo
2256 563 2263 568 „.

364 581 486 613 Rocce
509 579 612 611 Arcis
634 577 843 615 Castellano,
867 576 926 619 qui
949 586 986 608 se
1009 585 1074 618 pro
1097 575 1311 618 Imperatore
1333 574 1487 620 gerebat,
1503 580 1715 619 congregato
1731 574 1872 608 militari
1887 581 1922 609 et
1936 575 2092 619 pedestn'
2107 585 2208 609 exer-
2251 589 2259 603 -·

363 634 436 666 citu
466 633 501 664 in
532 631 767 674 Campaniam,
797 639 885 673 quos
908 639 1016 671 prece
1039 628 1096 661 uel
1119 629 1302 672 pretioque
1333 629 1560 667 conduxerat,
1591 629 1635 662 de
1659 628 1787 661 Casino
1811 628 2030 662 descendens
2054 627 2091 661 ui
2114 628 2211 672 cepit
2256 625 2264 653 ’-

363 691 514 720 castrum
538 684 658 717 Sancti
681 683 778 717 Petri
801 682 998 716 monasterii
1022 692 1141 715 mense
1164 682 1319 716 ianuario
1330 681 1354 721 ⁸,
1385 689 1420 716 et
1449 682 1550 715 bonis
1579 682 1730 726 propriis
1760 682 1935 724 spoliauit.
1980 682 2035 715 De
2066 681 2209 716 ciuitate

361 746 474 772 autem
491 738 610 772 Sancti
635 736 799 770 Germani
815 746 924 779 usque
940 734 985 768 ad
1001 735 1187 769 ecclesiam
1202 736 1353 769 omnium
1371 736 1576 769 Sanctorum
1589 734 1600 752 ⁴
1624 736 1821 778 occupauit,
1844 745 1916 768 non
1938 741 2054 768 tamen
2078 734 2210 780 absque
2257 738 2263 745 ”

360 799 475 836 strage
498 791 644 835 plurima
666 790 938 833 Campanorum;
963 795 998 822 et
1021 799 1110 832 pace
1133 789 1274 823 tandem
1297 790 1379 822 hinc
1402 789 1484 822 inde
1509 789 1669 830 clamata,
1691 794 1765 822 tota
1786 795 1879 822 terra
1907 788 1975 832 ipsi
2004 789 2140 823 decano
2169 798 2208 822 se
2308 819 2310 824 ,

361 846 532 883 reddidit3
557 850 592 877 et
614 851 698 877 tunc
722 844 766 876 de
791 842 921 876 Sancto
946 843 1122 876 Germano
1146 843 1315 883 nonnulli,
1338 844 1398 887 qui
1421 842 1508 876 dicti
1531 843 1624 887 regis
1653 849 1789 886 partem
1812 842 1993 882 fouebant,
2015 842 2052 875 in
2072 847 2215 886 partem-
2258 849 2270 880 ζΔ
2308 839 2310 878 ξ

360 899 504 932 alteram
527 903 752 936 secesserunt,
775 907 921 941 quorum
944 897 1037 930 bona
1060 896 1177 929 omnia
1200 907 1221 929 a
1242 897 1447 930 Teutonicis
1469 902 1549 930 sunt
1575 896 1723 940 direpta.
2233 893 2269 928 lis
2308 894 2311 927 ἓ

448 953 550 985 Tunc
574 952 666 985 idem
683 952 838 984 decanus
860 962 939 984 cum
955 950 1093 994 prefato
1109 951 1297 995 Dyopuldo
1312 957 1442 984 terram
1458 951 1618 994 equitans
1633 950 1807 983 hostiliter
1821 949 2035 989 monasterii,
2050 949 2209 985 relictum
2268 941 2269 945 Ἰ
2308 938 2311 959 ²

361 1013 510 1040 castrum
534 1005 774 1039 Plumbareole
789 1004 801 1022 ⁸
822 1005 1021 1047 occupauit,
1043 1004 1080 1037 ui
1103 1004 1198 1047 cepit
1220 1010 1368 1037 castrum
1390 1004 1574 1048 Pignatari
1587 1003 1612 1045 ⁶,
1636 1009 1788 1037 castrum
1812 1004 1848 1037 S.
1872 1003 2001 1048 Angeli
2012 1002 2036 1043 ⁷,
2059 1003 2207 1038 Pontem
2308 1040 2311 1047 Ι

360 1061 514 1094 Curuum
525 1058 548 1098 ⁸,
571 1059 761 1093 Castellum
785 1068 924 1096 nouum,
948 1059 1074 1091 Fracte
1085 1056 1108 1097 ⁹,
1131 1063 1167 1091 et
1189 1058 1341 1101 quedam
1363 1058 1432 1091 alia
1455 1063 1569 1091 castra
1584 1068 1648 1100 pro
1664 1058 1730 1091 iam
1748 1058 1844 1091 dicto
1859 1068 1945 1101 rege
1961 1067 2000 1090 se
2015 1056 2208 1100 [tenential.
2263 1070 2267 1083 ε
2308 1054 2311 1090 Ξ

447 1114 520 1147 Illis
543 1113 667 1147 diebus
690 1111 890 1146 Riccardus
913 1110 1037 1145 Caleni
1050 1110 1075 1131 ¹⁰
1099 1121 1227 1151 comes,
1250 1111 1310 1156 qui
1333 1117 1408 1145 erat
1429 1121 1494 1155 pro
1517 1118 1616 1155 parte
1645 1112 1739 1156 regis
1769 1111 1962 1151 Tancredi,
1984 1111 2082 1145 uenit
2102 1120 2209 1155 supra
2263 1133 2264 1136 =
2308 1108 2309 1112 ’

360 1168 526 1202 Sanctum
544 1167 757 1200 Germanum
775 1176 855 1199 cum
869 1165 1054 1210 Roggerio
1078 1165 1122 1198 de
1146 1166 1292 1198 Foresta
1314 1165 1507 1198 castellano
1523 1164 1618 1198 Atini
1635 1165 1679 1198 ad
1697 1165 1960 1199 deaastandum.
2005 1163 2137 1208 Captus
2153 1169 2207 1199 eet
2233 1164 2246 1198 l
2272 1174 2273 1177 ’
2308 1168 2310 1209 ζ

361 1231 404 1255 eo
427 1232 518 1254 anno
543 1220 760 1254 Gottefridus
783 1218 993 1252 Casertanus
1004 1218 1024 1236 ¹¹
1047 1219 1092 1252 ab
1114 1218 1181 1251 illis
1203 1218 1249 1251 de
1272 1217 1404 1252 Sancto
1421 1218 1560 1264 Angelo
1583 1225 1619 1252 et
1633 1219 1671 1252 in
1688 1219 1887 1262 captionem
1903 1217 2039 1257 ductus,
2053 1223 2207 1262 postmo-
2273 1211 2275 1214 ¹

360 1276 443 1308 dum
467 1286 487 1307 a
509 1273 684 1317 Malgerio
709 1272 847 1306 Sorello
861 1272 886 1290 ²²
908 1273 977 1305 iam
1002 1273 1099 1306 dicto
1123 1272 1314 1306 castellano
1338 1271 1438 1305 Atini
1461 1272 1497 1304 in
1522 1273 1714 1306 custodiam
1738 1270 1911 1306 traditus'.
2264 1312 2266 1314 Ι
2308 1303 2310 1315 ζ

452 1328 575 1361 Dictus
597 1326 804 1371 Dyopuldus
834 1331 918 1369 aput
947 1325 1125 1369 Aquinum
1138 1324 1163 1343 ¹⁸
1193 1336 1272 1358 cum
1301 1326 1453 1369 quodam
1477 1326 1570 1370 regis
1590 1324 1826 1370 Logotheta¹¹
1848 1324 2084 1370 congreditur,
2105 1335 2210 1370 quem
2266 1327 2275 1351 ί

364 1382 549 1426 campestri
572 1381 666 1414 bello
690 1381 848 1425 fugatum
871 1380 1015 1419 deuicit,
1039 1379 1157 1412 multis
1179 1390 1224 1412 ex
1246 1379 1316 1412 suis
1339 1379 1463 1422 captis,
1495 1379 1681 1422 multisque
1705 1379 1741 1411 in
1764 1378 1843 1412 lacu
1872 1378 2078 1419 summersis,
2108 1383 2144 1412 et
2165 1389 2211 1412 ex
2306 1405 2310 1427 ἔ

359 1443 442 1470 tunc
465 1436 559 1469 uires
582 1440 745 1468 crescunt
767 1433 834 1477 ipsi
857 1433 1057 1478 Dyopuldo.
1104 1431 1177 1471 Qui
1208 1443 1288 1466 cum
1305 1432 1484 1479 ‘Conrado
1499 1431 1524 1450 ²⁶
1553 1431 1742 1466 castellano
1771 1431 1907 1466 Sorelle
1936 1431 2102 1466 societate
2124 1441 2210 1466 con·
2230 1432 2266 1466 2
2306 1429 2309 1471 ξ

358 1495 482 1529 tracta,
505 1489 664 1532 equitant
685 1488 723 1520 in
745 1494 873 1521 terram
895 1485 1022 1520 Suesse
1036 1485 1074 1526 ²⁸,
1097 1497 1182 1519 oues
1211 1492 1247 1520 et
1277 1485 1385 1519 boues
1407 1496 1474 1519 nec
1498 1495 1567 1519 non
1591 1492 1627 1518 et
1652 1485 1796 1519 miseros
1818 1486 1977 1519 homines
1999 1485 2153 1529 capiunt,
2174 1490 2212 1519 et
2268 1521 2271 1525 ,

360 1554 420 1578 eos
443 1543 488 1575 ad
511 1552 547 1576 se
570 1541 812 1575 redimendum
834 1546 914 1584 post
936 1541 1043 1574 multa
1065 1546 1240 1573 tormenta
1262 1539 1486 1583 compellunt.
1532 1539 1635 1572 Tunc
1658 1539 1826 1582 temporis
1848 1545 1995 1573 uocatus
2014 1539 2093 1583 ipse
2114 1538 2210 1584 Dyo-
2266 1551 2268 1554 ’
2306 1532 2309 1550 ³

360 1597 486 1640 puldus
509 1608 530 1629 a
553 1596 740 1629 Guillelmo
764 1595 906 1628 Caserte
931 1594 1073 1633 comite,
1093 1594 1153 1638 qui
1182 1604 1247 1637 pro
1277 1594 1493 1637 Imperatore
1519 1599 1603 1633 erat,
1628 1603 1706 1626 cum
1730 1599 1834 1637 gente
1858 1603 1920 1626 sua
1942 1593 2035 1626 uado
2064 1592 2207 1626 fluuium

362 1650 482 1694 Capue
505 1650 678 1682 transiens
701 1649 764 1681 iuit
792 1649 828 1681 in
859 1649 1008 1681 Terram
1030 1647 1188 1687 Laboris,
1212 1654 1247 1680 et
1276 1647 1435 1691 equitans
1464 1657 1570 1690 super
1600 1647 1767 1690 Capuam,
1797 1652 1984 1680 exeuntem
2015 1651 2140 1680 contra
2169 1657 2207 1680 se

361 1704 575 1738 Riccardum
599 1702 724 1736 Caleni
748 1701 911 1736 comitem
934 1701 1041 1744 cepit,
1064 1706 1099 1734 et
1122 1702 1167 1734 ad
1189 1711 1328 1734 roccam
1353 1700 1459 1734 Arcis
1482 1701 1582 1734 duxit
1604 1700 1793 1744 captiuum.

449 1847 474 1872 4.
494 1839 660 1870 castellano,
680 1846 708 1864 se
727 1846 779 1871 pro
799 1837 876 1863 Uen.
895 1852 928 1856 —
948 1843 972 1870 ς.
986 1844 1068 1872 prece
1085 1837 1232 1872 pretioque
1245 1836 1331 1867 Uom,
1344 1837 1442 1862 varz
1462 1850 1495 1855 —
1514 1836 1569 1868 5-6.
1588 1836 1761 1862 descendens
1780 1844 1875 1862 mense
1893 1836 2036 1867 Ianuario.
2053 1829 2142 1867 Ueri„
2159 1837 2206 1862 eho

362 1891 456 1908 manca
475 1882 502 1907 in
521 1882 618 1907 Pam-z
637 1894 670 1900 —
693 1887 735 1906 11.
753 1881 885 1913 equitans
905 1888 967 1906 cum
987 1881 1126 1914 lnsignsss
1144 1880 1221 1906 Uer-1.

1399 1967 1411 1986 ⁹
1428 1969 1461 1994 In
1480 1970 1631 1995 territorio
1650 1969 1681 1994 dl
1700 1967 1833 1994 Cassino-

1401 2009 1423 2027 ¹⁰
1439 2011 1472 2036 In
1492 2011 1675 2036 circondario
1695 2011 1724 2035 di
1744 2011 1844 2036 Gaeta.

362 1980 410 2007 pp.
429 1979 479 2006 ²9²
500 1980 515 1997 e
533 1979 603 2005 3153
627 1972 748 1997 Annales
766 1971 959 1996 Marbacenses
979 1971 1035 2003 (qui
1052 1969 1197 2003 dicuntur),
1217 1971 1258 1995 M.

369 2016 399 2041 G.
421 2016 457 2040 H.
476 2015 538 2046 SS.,
556 2014 645 2046 xvn,
665 2022 692 2047 p.
713 2013 764 2047 164
782 2021 796 2038 e
816 2021 871 2047 sg.;
890 2014 1054 2039 Amsomus
1066 2014 1259 2042 Lusncnxsxs.

363 2057 495 2082 Chronica
515 2057 669 2086 Slavomm,
688 2056 747 2085 cit..
767 2057 797 2080 ln
817 2057 859 2080 M.
874 2056 907 2080 G.
926 2056 962 2081 H.
976 2055 1038 2086 SS.,
1051 2055 1125 2084 XXI,
1145 2063 1173 2087 p.
1194 2054 1258 2085 1823
1401 2052 1421 2070 ¹¹
1443 2052 1651 2079 “Goctifridus
1670 2053 1844 2078 Casertnnus
1864 2051 1994 2087 [mllesh
2014 2053 2043 2078 di
2063 2051 2161 2080 entel
2179 2053 2209 2079 S·

365 2100 510 2125 chronicon
532 2099 711 2128 Hauoniense,
732 2100 761 2123 ln
781 2099 823 2123 M.
849 2099 878 2123 G.
899 2098 935 2123 H.
955 2098 1016 2130 SS.,
1035 2097 1123 2127 XXV,
1143 2105 1170 2130 p.
1192 2102 1258 2131 5753

363 2141 543 2167 Gneusmo
556 2147 587 2166 m
600 2141 799 2172 Nsunounou,
809 2140 935 2165 Historia
948 2140 1114 2172 Anglicana.
1126 2139 1171 2164 ed.
1183 2139 1259 2164 Pau-

362 2191 401 2214 ω,
420 2185 462 2209 M.
487 2185 518 2209 G.
538 2184 574 2208 H.
594 2183 655 2215 SS.,
674 2183 788 2213 XXVII,
808 2191 835 2216 p.
855 2189 921 2215 24⁵3
940 2183 1054 2207 Pras-no
1071 2181 1260 2213 n'EnoL1,vv.

361 2226 489 2260 925—964‚
508 2226 552 2252 ed.
570 2227 629 2257 clt.‚
649 2233 676 2259 p.
694 2225 729 2250 68
747 2233 762 2251 e
780 2233 830 2258 sg„
850 2226 994 2259 agglunge
1006 2225 1034 2250 la
1048 2225 1216 2250 det-enzlone
1229 2223 1257 2248 dl

363 2268 504 2295 Costanza
519 2270 548 2293 ln
563 2268 692 2294 Casteuo
707 2268 841 2294 deu’ovo
860 2268 892 2293 ln
911 2268 1027 2300 Napoll,
1047 2268 1076 2292 dl
1096 2268 1140 2292 cui
1155 2274 1259 2292 nessun

363 2314 438 2338 altro
458 2312 549 2344 parla-

450 2355 459 2372 1
478 2354 650 2383 Casalvieri,
661 2354 789 2378 circond.
809 2354 838 2378 di
859 2353 1029 2383 Froslnone‚
1045 2359 1142 2385 presso
1155 2351 1257 2376 Atina.

450 2395 462 2413 ²
485 2395 594 2425 Questo
620 2397 814 2429 patronimico
841 2396 972 2421 derlvato
1000 2395 1048 2420 dal
1075 2394 1256 2428 toponlmlco

365 2439 529 2470 “Foresta,
550 2439 707 2464 s’lncontra
729 2440 761 2464 ln
784 2440 846 2464 doc.
866 2439 911 2464 del
934 2445 1011 2471 1243,
1032 2439 1061 2463 in
1085 2438 1205 2470 Regesto
1230 2437 1262 2461 di

363 2483 514 2507 Tomusso
533 2482 643 2507 Decano
662 2482 720 2511 cit..
739 2489 786 2514 pp.
806 2481 839 2506 81
860 2489 874 2506 e
896 2488 955 2506 121.

451 2523 462 2540 ³
482 2524 535 2549 Del
558 2524 571 2537 ‘⁴
581 2525 705 2549 castrum
723 2523 750 2549 S.
763 2524 839 2549 Petri
857 2525 886 2548 in
902 2523 1075 2548 monasterio
1086 2540 1100 2554 ‚,
1116 2522 1141 2547 sl
1151 2522 1191 2547 ha
1205 2528 1257 2546 no-

363 2569 433 2592 tIzla
452 2567 482 2591 in
503 2567 581 2592 doce.
600 2567 646 2591 del
667 2572 744 2599 ¹²¹5·
766 2566 833 2591 1218
852 2568 915 2596 etc„
933 2567 964 2591 ln
985 2566 1105 2598 Regesto
1123 2565 1154 2590 di
1173 2564 1259 2588 Tom-

364 2616 445 2634 MAso
463 2611 573 2634 Decano
593 2609 652 2638 cit„
671 2617 698 2641 p.
718 2617 762 2642 43,
781 2617 824 2642 44,
843 2614 886 2641 45,
906 2614 949 2640 47,
969 2614 1003 2640 49
1021 2610 1075 2632 etc.

452 2652 464 2670 ⁴
483 2651 524 2676 La
543 2652 639 2676 chiesa
657 2652 687 2677 dl
706 2652 777 2676 tutti
798 2652 806 2676 1
825 2652 907 2676 santi
927 2658 975 2675 era
994 2650 1021 2675 al
1041 2649 1151 2674 confine
1176 2649 1205 2673 di
1231 2647 1259 2673 S.

365 2694 519 2724 Germanog
539 2695 574 2719 cf.
590 2695 711 2727 Regesto
730 2695 760 2719 aa·
779 2694 930 2719 ToMMAso
943 2694 1053 2718 Decumo
1066 2693 1125 2721 cit„
1139 2691 1201 2716 doc.
1214 2691 1259 2716 del

368 2737 443 2769 1238,
464 2743 478 2769 7
499 2744 591 2770 magg.
612 2737 670 2761 lnd.
690 2744 732 2766 xx,
752 2744 780 2769 p.
802 2736 844 2768 76.
879 2754 881 2756 -

452 2778 462 2794 ⁵
480 2779 503 2803 11
523 2779 642 2803 castello
656 2779 687 2804 dl
700 2778 893 2810 Plumbsrola,
908 2778 1083 2807 Piumarols.
1096 2784 1143 2801 era
1157 2778 1186 2801 in
1201 2778 1257 2801 ter-

366 2822 469 2846 ritorio
489 2821 518 2845 di
539 2820 677 2851 Cassino3
698 2822 820 2854 Reges-to
839 2822 869 2846 di
891 2821 1044 2845 Touusso
1063 2821 1173 2845 Decano
1198 2819 1259 2848 clt..

366 2871 394 2896 p.
413 2869 456 2895 57,
476 2864 538 2888 doc.
558 2870 581 2896 5,
602 2871 698 2888 marzo
720 2862 789 2888 1208
809 2866 862 2889 etc.

455 2904 467 2921 ⁶
480 2906 635 2937 Pignstaro
649 2905 838 2931 &Interamna
851 2904 866 2931 ὲ
881 2906 926 2930 nel
940 2904 1124 2930 circundarlo
1138 2904 1168 2928 di
1181 2903 1261 2928 Sora.

454 2946 466 2964 ⁷
485 2948 511 2972 S.
531 2948 645 2980 Angelo
665 2950 696 2973 in
715 2947 839 2973 Teddice
858 2949 887 2973 ln
908 2948 1058 2972 territorio
1083 2947 1111 2971 dl
1138 2946 1261 2972 Cassum

368 2997 383 3014 a
404 2996 455 3022 519
474 2998 510 3015 m.
529 2990 722 3017 d’altitudine.

455 3030 467 3047 ⁸
486 3032 664 3058 Pontecorvo
684 3035 715 3058 ln
735 3033 918 3058 circundario
938 3033 968 3058 dl
987 3032 1156 3057 Frusinone.

1311 2097 1410 2122 Pletro
1429 2095 1442 2109 ⁸
1455 2097 1486 2121 ln
1507 2097 1682 2121 monasterio
1692 2114 1716 2128 m
1736 2097 1855 2121 insieme
1872 2096 1950 2121 colla
1968 2095 2077 2129 moglle
2094 2095 2208 2129 Annene

1312 2138 1403 2164 vende
1421 2139 1467 2164 nel
1488 2147 1553 2164 nov.
1575 2138 1644 2172 1196
1662 2139 1760 2164 alcuni
1778 2139 1843 2164 beni
1864 2146 1880 2163 a
1899 2137 2065 2172 Gugllelmo
2082 2145 2102 2165 ev
2122 2144 2139 2163 ι
2157 2137 2208 2164 Ri-

1311 2181 1450 2206 chesenda
1470 2181 1565 2206 madre
1584 2181 1613 2206 di
1634 2182 1684 2206 lui.
1722 2181 1860 2214 Nell'spr.
1881 2186 1950 2213 ηις
1969 2179 1984 2206 δ
2001 2182 2157 2207 testimone
2175 2181 2207 2206 ln

1311 2231 1369 2249 una
1397 2224 1557 2249 donazIone
1582 2224 1655 2248 satta
1679 2223 1708 2249 al
1733 2225 1898 2249 monastero
1923 2223 1952 2248 dl
1977 2222 2206 2255 Montanus-ino,

1312 2267 1348 2292 ef.
1369 2268 1490 2299 Regem
1509 2267 1539 2291 di
1556 2266 1709 2291 ToMMAso
1728 2267 1846 2297 Decano,
1865 2267 1926 2298 cit„
1944 2273 1991 2300 pp.
2011 2270 2054 2299 45,
2073 2269 2117 2297 so.
2129 2269 2173 2298 31.

1402 2307 1424 2325 ¹²
1441 2309 1575 2334 Uen-mnu
1593 2316 1609 2333 e
1621 2308 1727 2340 Pam-z,
1742 2316 1756 2333 e
1769 2309 1873 2341 quindi
1890 2309 1912 2333 ss
1924 2306 2094 2338 Gnunssuzz.
2107 2309 2208 2333 inveee

1312 2352 1341 2376 dl
1361 2352 1511 2385 Malgerlo,
1530 2351 1667 2384 leggonot
1687 2351 1767 2377 l’uno
1786 2351 1895 2384 Malqu,
1908 2358 1924 2376 e
1936 2351 2034 2376 valtro
2047 2350 2208 2384 Μιιςτιᾱο.

1311 2394 1336 2419 Il
1355 2394 1418 2419 Dnr.
1435 2393 1486 2424 Rs,
1506 2394 1600 2427 legge:
1619 2393 1731 2427 Martej.
1769 2393 1810 2419 La
1829 2394 1942 2419 lezione
1960 2392 1976 2418 δ
2001 2393 2105 2418 ιὶοιιη.
2135 2391 2208 2418 Mal·

1311 2438 1393 2470 gerlo
1410 2436 1525 2462 Sorello
1543 2435 1558 2462 ὲ
1578 2437 1607 2461 ln
1627 2437 1755 2461 Romana
1775 2444 1839 2466 ecc.‚
1858 2443 1886 2461 n.
1905 2434 1984 2469 7846,
2003 2435 2020 2461 8
2043 2435 2103 2469 lug.
2131 2439 2208 2468 1247.
2258 2445 2263 2453 ¹

1311 2481 1344 2505 In
1364 2487 1421 2504 una
1440 2481 1569 2512 permuta
1588 2480 1619 2504 di
1638 2487 1676 2504 un
1696 2480 1808 2504 mulino
1828 2480 1902 2504 satta
1922 2479 1968 2504 nel
1987 2477 2208 2511 feb.1254.1nd.

1311 2528 1366 2552 xn,
1386 2522 1430 2551 fra
1448 2521 1590 2546 Riccardo
1610 2521 1639 2546 di
1660 2522 1830 2547 Montenero
1848 2522 1928 2554 regio
1947 2519 2121 2546 Glustlzlere
2143 2527 2163 2546 e.
2183 2518 2207 2545 n

1312 2566 1475 2590 monastero
1494 2564 1523 2588 dl
1543 2564 1767 2594 Montecasslno,
1787 2571 1860 2589 sono
1875 2563 2012 2589 rlcordatl
2027 2563 2074 2588 nel
2087 2561 2208 2588 castello

1313 2607 1342 2631 di
1361 2607 1389 2632 S.
1410 2607 1524 2632 Vlttore
1543 2607 1638 2632 alcuni
1653 2608 1775 2636 nomini,
1787 2607 1956 2641 quifuerunt
1966 2606 2030 2631 olr'm
2042 2605 2138 2631 nobilis
2149 2605 2210 2631 viri
2267 2637 2271 2639 Δ

1313 2649 1402 2674 domni
1420 2649 1559 2681 Malgerii
1571 2650 1685 2679 Sorellt'5
1705 2649 1741 2673 cs.
1756 2650 1876 2681 Regesto
1889 2648 1920 2673 di
1930 2647 2084 2672 ΤοΜΜΑθο
2097 2647 2208 2672 Dum
2234 2653 2275 2680 4

1313 2692 1372 2723 cit„
1391 2698 1418 2724 p.
1440 2698 1498 2724 1²4·
2266 2697 2270 2700 ’

1404 2733 1424 2750 ¹³
1442 2734 1474 2758 In
1495 2734 1677 2759 circondsrlo
1697 2734 1727 2759 di
1746 2733 1914 2758 Frosinone.

1402 2774 1426 2792 ¹⁴
1445 2776 1573 2801 L’ufficio
1593 2778 1623 2802 in
1641 2778 1741 2810 questo
1760 2783 1827 2801 caso
1846 2777 1910 2801 vale
1928 2775 2026 2808 quello
2045 2775 2076 2800 dl
2093 2781 2208 2800 comn-

1315 2820 1399 2844 dante
1420 2820 1554 2852 militare,
1576 2821 1684 2845 mentre
1703 2821 1748 2844 nei
1769 2820 1830 2844 doc.
1850 2819 1895 2844 del
1921 2819 2018 2852 tempo
2035 2818 2205 2844 Normsnno

1314 2863 1342 2887 la
1363 2863 1500 2887 funzione
1520 2862 1565 2887 del
1585 2862 1727 2895 Logoteta
1746 2869 1793 2887 era
1814 2859 1865 2896 plu
1889 2862 2132 2886 ammlnistrstlvs
2155 2860 2207 2886 che
2234 2861 2277 2890 50

1315 2905 1452 2931 militare.

1405 2946 1427 2963 ¹⁵
1445 2947 1490 2972 Cf.
1510 2955 1537 2980 p.
1558 2954 1599 2980 13,
1619 2955 1645 2972 n.
1665 2955 1691 2980 4.

1404 2986 1426 3003 ¹⁶
1445 2987 1525 3013 Sessa
1544 2988 1681 3013 Aurunca
1701 2989 1730 3012 in
1751 2986 1935 3012 circondarlo
1954 2987 1984 3012 dl
2004 2986 2103 3012 Gaetu.
