2320 3444
29 11 33 18 Α
54 10 70 22 ¹1.

29 45 62 80 ’ἵζ’

26 96 32 107 Α
44 89 54 108 ¹⁵«
66 88 67 91 ¹

57 555 60 562 .

50 726 66 758 ᾖ

47 764 61 777 v!

43 1534 52 1542 ,.

49 1780 56 1791 ,x

48 1820 51 1827 1

19 2100 25 2118 ‘s
41 2106 43 2108 ·
56 2103 68 2118 ,Α

19 2251 22 2253 ’
62 2251 68 2261 έ

19 2314 23 2325 Ι“
64 2324 66 2326 .

20 2498 27 2530 ἓξ
67 2502 77 2527 ’ῑ

19 2607 36 2656 {z
56 2633 69 2639 ,.

19 2701 31 2718 ς’
69 2711 72 2718 η,

16 2719 34 2746 ἱ4ῖ
50 2717 72 2746 ἲ

58 2750 71 2775 20

19 2800 31 2829 g*
63 2803 73 2818 ·.

73 2941 78 2949 ›.

18 2966 34 2984 -x
60 2966 73 2979 ’-

59 3099 65 3107 r
59 3069 67 3084 n
58 3030 62 3034 ·

156 2739 188 2757 10

158 2945 188 2973 ι5

214 234 266 272 [Α.
287 235 380 272 120⁹]

206 363 342 397 scilicet
364 370 400 397 et
420 364 620 404 Fundanus,
633 365 679 398 ad
694 366 805 408 ipsum
821 365 992 399 accedere
1009 366 1050 399 ti-

206 423 378 450 muerunt.
407 418 510 451 Tunc
525 430 588 452 rex
601 419 676 462 ipse
688 419 884 452 Messanam
897 420 1052 459 ueniens,

207 470 304 503 dicto
327 470 445 504 abbati
470 471 637 505 Roffrido
652 472 849 505 huiusmodi
865 482 969 514 super
985 472 1051 505 hoc

206 523 346 556 lieteras
369 525 572 558 destinauit:

301 577 567 621 “F[redericus]
598 579 663 611 Dei
695 580 805 622 gratia
834 588 896 611 rex
919 577 1052 618 Sicilie,

211 631 310 664 “dux
332 630 460 674 Apulie
484 638 518 665 et
541 633 706 675 princeps
737 633 856 675 Capue
880 632 1051 665 Roffrido

212 686 226 702 ‘⁴
239 684 431 717 uenerabili
453 685 635 718 Casinensi
660 685 778 718 abbati
802 685 898 718 fideli
920 696 982 718 suo
997 696 1052 718 sa-

210 738 225 754 “
240 739 346 771 lutem
364 744 398 771 et
414 738 647 772 dilectionem.
678 740 857 782 Frequens
868 740 1051 772 multorum

212 792 360 824 “relatio
397 791 465 824 iam
503 791 670 834 auri[bu]s
707 791 887 825 subintulit
924 792 1053 825 nostris

211 846 227 862 ‘⁴
240 845 387 888 qualiter
408 845 502 888 apud
525 844 698 887 [barones]
721 845 938 889 populosque
961 845 1052 888 ipsa-

212 899 227 916 “
239 909 314 931 rum
329 899 476 941 partium
493 898 623 941 iniquis
638 898 916 932 oblocutionibus
932 909 1051 941 repro-

210 951 225 968 “
239 952 342 984 batur
362 951 399 984 id
422 951 515 994 quod
538 952 574 983 in
598 951 696 984 curia
717 958 835 985 nostra
849 952 982 985 factum
1000 957 1052 984 est

211 1005 304 1038 “hiis
328 1004 451 1038 diebus
474 1015 558 1049 erga
581 1005 757 1048 quosdam,
782 1015 869 1048 quos
899 1005 1052 1048 prauitas

211 1060 225 1076 “
239 1064 321 1091 nota
342 1058 486 1101 perfidie
509 1069 579 1091 non
607 1057 814 1102 sinebat<ur>
835 1058 973 1102 longius
987 1058 1052 1092 tol-

212 1111 354 1145 “lerari.
401 1112 455 1144 Ex
477 1111 545 1144 hoc
569 1117 684 1145 tamen
710 1113 803 1154 quod
826 1113 958 1145 factum
983 1112 1052 1145 hoc

210 1162 512 1208 “reprehensibile
538 1165 666 1198 dicitur
688 1175 792 1198 causa
821 1166 935 1198 multis
959 1171 1051 1205 nota,

211 1219 225 1236 ‘⁴
238 1217 468 1260 perpenditur
490 1229 557 1262 que
580 1219 700 1251 salutis
723 1224 840 1251 nostre
861 1219 1053 1252 necessitas

211 1273 302 1304 “nos
324 1272 370 1304 ad
392 1272 429 1304 id
452 1271 653 1305 faciendum
682 1271 830 1305 induxit.
876 1272 966 1304 Nam
989 1282 1053 1315 per

209 1325 223 1341 ‘⁴
238 1324 344 1358 multa
366 1324 451 1358 licet
473 1325 569 1368 prius
591 1325 716 1358 inditia
740 1336 859 1358 eorum
887 1336 924 1358 se
954 1325 1054 1366 malif-

210 1378 226 1394 “
239 1378 352 1422 gnitas
366 1378 565 1418 reuelasset,
580 1379 630 1411 ita
645 1379 749 1422 quod,
767 1377 907 1422 quando
920 1379 1052 1412 factum

213 1433 228 1449 ¹⁴
239 1431 309 1464 fuit
330 1431 434 1471 istud,
457 1431 560 1464 etiam
584 1432 628 1465 de
644 1431 802 1475 pessimis
817 1432 863 1465 ad
879 1441 947 1475 que
964 1433 1053 1465 nite-

212 1484 366 1517 “bantur
386 1484 550 1528 operibus
581 1491 676 1518 certa
707 1485 806 1518 nobis
836 1485 1054 1528 experientia

213 1539 228 1556 ‘⁴
241 1548 311 1570 non
333 1538 466 1576 deerat,
489 1538 578 1571 sicut
600 1538 662 1572 tibi
685 1538 820 1581 pridem
838 1538 1053 1582 significasse

214 1593 228 1609 ¹‘
240 1591 456 1624 meminimus
471 1602 533 1634 per
545 1591 632 1624 alias
643 1592 784 1624 lieteras
795 1597 942 1628 nostras;
959 1598 1053 1635 post-

213 1645 228 1662 “
239 1645 378 1678 modum
394 1650 522 1683 tamen,
537 1651 575 1677 ut
591 1645 627 1677 in
644 1655 781 1678 omnem
797 1650 924 1678 terram
941 1645 1054 1678 exiret

213 1699 344 1731 “sonus
366 1698 560 1742 iniquitatis
581 1698 745 1741 ipsorum,
767 1708 830 1741 per
852 1699 947 1741 ipsos
969 1708 1056 1741 quo-

214 1757 307 1797 “que
331 1753 391 1796 qui
414 1752 606 1795 complices
630 1759 729 1785 erant
751 1752 904 1792 sceleris,
928 1762 963 1784 se
980 1763 1053 1784 ma-

211 1805 227 1822 “
242 1805 398 1838 nifestius
413 1807 543 1839 ueritas
558 1805 784 1849 pubblicauit.
828 1807 842 1823 ‘⁴
857 1804 945 1838 Cum
962 1805 1053 1837 enim

214 1860 229 1876 ‘⁴
241 1869 358 1891 comes
373 1859 500 1892 Paulus
515 1865 550 1891 et
565 1870 682 1892 comes
697 1859 870 1904 Rogerius
893 1859 936 1892 de
953 1857 1053 1891 Gira-

213 1911 289 1945 “tio
320 1912 498 1945 conciliati
522 1918 635 1945 essent
664 1913 777 1956 gratie
801 1918 929 1951 nostre,
956 1917 1055 1945 noto-

212 1965 328 1997 “rium
359 1966 521 1999 fecerunt
546 1965 633 1998 inite
664 1965 827 1999 factionis
854 1965 1052 2004 consilium,

213 2019 228 2036 ¹⁴
241 2019 380 2062 quando
417 2018 585 2052 uidelicet
627 2019 738 2052 omnis
776 2019 837 2052 illa
870 2019 1053 2052 multitudo

214 2073 229 2090 “
242 2077 431 2114 captorum,
454 2071 512 2104 ubi
536 2072 663 2114 nuptiis
686 2072 896 2106 interfuerat
918 2073 1055 2110 nostris,

216 2125 334 2157 “statu
371 2125 467 2158 curie
509 2131 626 2158 nostre
664 2124 817 2158 dolosius
862 2126 1054 2168 explorato,

216 2179 231 2195 ‘⁶
244 2178 338 2221 quod
374 2184 552 2220 potentem
591 2178 750 2211 militiam
788 2189 890 2222 quam
927 2179 1055 2212 dilecta

303 2292 343 2317 ¹3·
361 2286 482 2318 p’rnltas
503 2287 565 2312 Cod.
585 2299 618 2305 —
641 2291 680 2318 ις.
699 2294 733 2312 ex
752 2287 804 2312 hac
821 2288 884 2312 Cod.
897 2301 930 2306 —
949 2293 987 2319 17.
1001 2295 1055 2320 qua

215 2329 280 2354 Cod.

212 2516 322 2542 celano
348 2516 424 2542 nella
449 2517 541 2550 prima
567 2518 718 2543 redazione
742 2519 787 2544 del
816 2520 880 2544 Chr.
906 2519 940 2545 R.
959 2519 1107 2554 l'assegno

213 2559 240 2583 al
263 2557 330 2583 1208
348 2561 456 2584 mentre
475 2566 605 2584 avvenne
623 2560 691 2585 l’an.
710 2561 797 2594 dopo,
815 2569 894 2586 come
913 2560 927 2586 ὲ
952 2561 1033 2588 detto
1059 2563 1106 2587 nel

213 2602 290 2626 testo
309 2601 469 2627 definitivo.

300 2643 445 2669 Rainaldo
463 2652 541 2669 corne
561 2646 649 2670 arciv.
669 2645 696 2670 dl
712 2644 814 2680 Capua
828 2647 987 2672 suecedette
1004 2655 1020 2672 a
1033 2647 1108 2673 Mat-

213 2687 275 2717 teoz
297 2694 322 2711 v.
342 2694 370 2719 p.
392 2694 423 2719 ¹9
443 2695 471 2711 n.
490 2694 515 2718 4.
545 2687 598 2712 Nel
613 2695 709 2713 marzo
725 2687 793 2713 1206
811 2697 827 2714 e
840 2689 886 2714 nel
900 2691 1015 2723 maggIo
1037 2696 1105 2722 1207

214 2727 250 2753 da
268 2727 405 2754 Federico
423 2728 458 2760 11,
478 2737 531 2754 con
552 2729 606 2754 due
624 2730 748 2763 diplomi
767 2730 803 2756 da
821 2731 964 2764 Palermo,
986 2732 1045 2765 egli
1064 2734 1107 2757 ot.-

213 2772 299 2795 tenne
316 2770 344 2796 la
363 2771 507 2796 conferma
527 2771 572 2796 dei
588 2772 723 2805 pr1vilegi
738 2780 753 2798 e
768 2773 844 2798 delle
858 2775 932 2799 terre
951 2775 1108 2800 concedute

214 2819 231 2838 a
248 2812 551 2845 quell'arclvescovato
570 2814 604 2838 da
623 2814 730 2848 Arrigo
742 2815 782 2840 VI
794 2823 808 2840 e
822 2816 965 2849 dall’lmp.
984 2817 1107 2842 Costan-

215 2862 262 2887 za3
280 2855 630 2888 Semnan-sommum,
651 2860 692 2888 op.
712 2857 810 2887 cit.,1n
829 2859 945 2884 Neues
958 2859 1108 2892 Archiv,

214 2896 315 2927 xxw,
334 2905 380 2931 pp.
403 2897 528 2930 157-160.

304 2938 313 2956 ²
326 2940 367 2965 Fu
380 2943 520 2966 coronato
534 2941 564 2966 in
578 2940 671 2967 Roma
686 2942 708 2966 11
722 2950 739 2975 4
752 2943 867 2968 ottobre
883 2950 966 2978 1209}
979 2944 1108 2970 ΒδΗΜΕκ

217 2990 279 3015 ecc„
301 2990 330 3009 n.
347 2990 396 3017 30¹
410 2993 436 3009 a.

303 3024 315 3041 ²
332 3025 513 3052 L’Anonimo
532 3027 690 3059 Cumaeae,
710 3028 815 3058 donde,
840 3030 943 3055 tranne
973 3029 1107 3055 l’indica-

991 231 1282 270 CHRONICA

1299 366 1384 399 Otto
1408 367 1478 399 dux
1501 365 1652 399 Saxonis
1675 365 1720 398 ab
1742 366 1947 399 Innocentio
1962 377 2055 409 papa

1210 426 1365 458 uocatus,
1388 420 1482 463 apud
1506 420 1669 453 Sanctum
1692 419 1843 462 Petrum,
1866 419 1902 451 in
1925 419 2056 452 Roma-

1211 484 1294 506 num
1328 474 1576 516 Imperatorem
1615 479 1804 507 coronatur
1817 472 1838 512 ¹,
1873 483 1943 506 non
1978 473 2055 506 sine

1211 534 1325 571 strage
1348 538 1474 572 magna
1496 537 1645 560 suorum.
1693 525 1765 565 Qui
1787 527 1934 570 prestito
1965 527 2056 559 iura-

1138 579 1154 610 5
1211 586 1326 613 mento
1342 581 1386 613 de
1401 581 1643 614 conseruando
1660 580 1837 624 regalibus
1853 579 1974 613 Sancti
1990 580 2055 613 Pe-

1210 634 1255 666 tri
1287 640 1321 667 et
1351 634 1396 666 de
1430 644 1501 666 non
1534 634 1749 667 offendendo
1784 643 1902 677 regem
1934 633 2055 666 Sicilie

1211 687 1446 730 Fredericum,
1474 687 1509 720 in
1539 688 1733 720 Marchiam
1767 687 1938 720 secedens
1959 687 2055 720 etin

1211 746 1326 783 partes
1356 741 1495 779 Tuscie,
1525 741 1575 774 ibi
1597 751 1661 783 per
1691 751 1818 773 annum
1850 740 2054 774 continuum

1212 804 1342 826 moram
1366 794 1465 827 fecit.

1119 846 1157 877 10
1299 848 1378 880 Hoc
1416 858 1508 881 anno
1545 858 1663 880 mense
1702 848 1823 886 Madii,
1861 847 2053 890 penultimo

1210 900 1339 932 mensis
1362 900 1529 940 eiusdem,
1554 901 1670 934 dictus
1685 901 1871 934 Roffridus
1887 901 2053 934 Casinen-

1209 953 1255 986 sis
1277 952 1384 985 abbas
1407 954 1503 996 apud
1526 953 1694 987 Sanctum
1719 955 1930 987 Germanum
1955 953 2053 992 obiit,

1210 1006 1266 1039 cui
1289 1005 1412 1039 Petrus
1428 1007 1542 1039 dictus
1564 1007 1690 1046 Conte,
1714 1008 1774 1051 qui
1792 1013 1895 1040 antea
1910 1008 2054 1040 functus

1211 1060 1325 1092 fuerat
1347 1059 1468 1093 offi'cio
1500 1061 1699 1099 decanatus,
1731 1061 1864 1093 electus
1893 1072 1914 1093 a
1936 1060 2053 1093 fratri-

1118 1113 1156 1146 15
1210 1113 1285 1152 bus,
1309 1120 1345 1146 et
1368 1124 1388 1146 a
1411 1124 1502 1156 papa
1529 1114 1738 1147 Innocentio
1769 1114 1992 1157 approbatus,
2016 1115 2053 1146 in

1186 1195 1188 1197 .
1209 1166 1378 1210 regimine
1427 1167 1629 1200 monasterii
1675 1169 1843 1201 successit
1899 1168 2013 1201 eidem
2026 1166 2050 1200 ².

1211 1220 1301 1253 Huic
1324 1230 1431 1253 rocca
1454 1220 1593 1259 Bantre‚
1625 1231 1694 1264 que
1723 1231 1834 1264 usque
1866 1227 1947 1254 tunc
1978 1231 2052 1253 mo-

1211 1274 1363 1308 nasterio
1379 1273 1521 1306 suberat
1535 1274 1728 1314 Casinensi,
1744 1274 1941 1307 rebellauit.
1986 1274 2052 1307 Cui

1211 1327 1386 1371 quendam
1415 1328 1618 1370 prefecerat
1648 1329 1854 1360 monachum
1885 1334 2048 1371 nepotem

1115 1382 1158 1414 20
1211 1392 1308 1413 suum
1332 1381 1470 1413 nomine
1495 1380 1745 1424 seniorectum,
1769 1381 1826 1424 qui
1843 1381 1909 1413 sibi
1931 1380 1976 1413 ab
1993 1380 2054 1413 ho-

1211 1434 1360 1467 minibus
1389 1444 1494 1467 rocce
1524 1435 1632 1477 ipsius
1654 1445 1726 1468 non
1747 1444 1952 1477 precauens,
1975 1444 2052 1466 cum

1211 1489 1256 1521 de
1279 1498 1385 1521 rocca
1413 1488 1491 1531 ipsa
1519 1488 1664 1521 fecisset
1686 1488 1732 1520 ad
1757 1487 1877 1520 uillam
1909 1488 2056 1520 descen-

1212 1553 1297 1581 sum,
1319 1542 1387 1574 hoc
1410 1541 1494 1584 ipsis
1524 1542 1568 1574 de
1592 1542 1677 1574 uilla
1706 1542 1900 1584 proditorie
1930 1551 2057 1584 procu-

1212 1595 1379 1634 rantibus,
1403 1606 1481 1628 cum
1505 1595 1621 1628 redire
1637 1596 1673 1628 in
1689 1605 1830 1628 roccam
1853 1594 1971 1633 uellet,
1987 1604 2057 1626 non

1117 1649 1157 1682 25
1214 1654 1266 1682 est
1288 1649 1414 1682 amodo
1439 1659 1514 1681 eam
1539 1648 1668 1681 intrare
1692 1649 1888 1691 permissus.

1118 1919 1160 1951 30

1119 2185 1159 2218 35

1303 2290 1328 2316 8.
1349 2291 1452 2316 Tuscie
1470 2290 1568 2316 Pam-z
1581 2299 1594 2315 e
1607 2289 1703 2317 Gaun.
1716 2303 1750 2308 —-
1767 2297 1806 2316 11.
1819 2290 2003 2322 suprascr-itta,
2016 2299 2057 2316 ma

1214 2340 1260 2357 con
1279 2333 1407 2358 rn'chiamo
1425 2334 1529 2358 d’altra
1548 2341 1641 2358 mano:
1655 2334 1684 2357 ln
1699 2333 1853 2358 nativitate
1866 2334 1956 2357 sancti
1973 2333 2057 2365 Joan-

1214 2376 1260 2400 nls
1273 2375 1410 2408 Bsptiste,
1423 2375 1600 2400 ricavandolo
1612 2375 1699 2400 dall’“
1708 2375 1859 2400 Anonimo
1873 2375 2021 2401 Cassinese
2031 2394 2056 2407 m

1215 2419 1256 2443 M.
1278 2418 1312 2444 G.
1334 2419 1369 2443 H.
1390 2417 1449 2448 SS„
1469 2418 1553 2449 XIX,
1567 2421 1597 2449 p.
1611 2425 1675 2450 3²⁰·

1162 2521 1245 2546 zione
1264 2520 1310 2546 del
1327 2522 1442 2554 giorno,
1462 2521 1496 2546 R.
1514 2522 1604 2546 trasse
1622 2521 1651 2545 di
1673 2527 1740 2553 peso
1759 2521 1788 2545 la
1808 2521 1918 2545 notizia
1937 2519 1990 2554 (M
2023 2521 2052 2546 G.

1163 2565 1199 2588 H.
1220 2564 1279 2594 SS„
1298 2564 1373 2593 XIX,
1392 2571 1419 2596 p.
1444 2562 1517 2597 320),
1537 2564 1600 2588 dice
1621 2570 1690 2596 pure
1709 2563 1758 2587 che
1783 2562 1916 2588 Roffredo
1935 2562 2008 2587 morl
2032 2562 2053 2586 il

1161 2613 1196 2639 30
1214 2614 1286 2639 mag.
1310 2606 1396 2638 12083
1421 2606 1588 2638 l'Inguanez
1611 2607 1664 2638 (op.
1690 2605 1744 2635 cit..
1770 2613 1797 2637 p.
1823 2611 1875 2638 415
1901 2613 1915 2630 e
1940 2604 1993 2638 sg.)
2018 2606 2055 2629 ha

1161 2648 1261 2673 invece
1279 2648 1453 2673 dimostrato
1473 2648 1523 2672 che
1543 2647 1676 2672 Roffredo
1696 2655 1743 2672 era
1763 2647 1832 2672 vivo
1853 2654 1909 2671 non
1925 2647 1987 2671 solo
2009 2647 2055 2671 nel

1161 2691 1218 2724 lug.
1241 2697 1318 2722 1209,
1338 2699 1382 2716 ma
1400 2697 1506 2715 ancora
1526 2691 1571 2715 nel
1595 2697 1626 2722 14
1645 2697 1707 2722 gen.
1730 2695 1810 2714 1210:
1831 2697 1906 2714 anno
1926 2690 1954 2714 al
1973 2689 2056 2721 quale

1160 2740 1196 2758 va
1216 2733 1359 2766 riportato
1379 2733 1402 2757 il
1421 2733 1551 2765 diploma
1571 2731 1684 2757 riserito
1698 2731 1777 2756 dallo
1791 2733 1882 2757 stesso
1896 2731 1930 2756 R.
1944 2731 1970 2756 al
1987 2739 2055 2764 ¹²09

1161 2775 1237 2800 nella
1256 2776 1348 2808 prima
1369 2775 1522 2799 redazione
1541 2774 1616 2799 della
1636 2781 1687 2799 sus.
1706 2774 1838 2799 Cronaca
1857 2773 1902 2806 (V.
1930 2774 1957 2799 la
1984 2775 2056 2799 rela-

1161 2820 1222 2843 tiva
1248 2820 1318 2843 nota
1345 2818 1375 2842 in
1402 2818 1456 2843 col.
1485 2817 1527 2850 1);
1552 2826 1566 2842 e
1590 2817 1640 2842 che
1665 2817 1764 2842 Pletro
1789 2815 1884 2842 conte
1910 2817 1940 2841 fu
1964 2818 2054 2842 eletto

1159 2861 1242 2886 abate
1259 2861 1281 2885 il
1303 2867 1335 2892 ²4
1355 2861 1433 2894 ἕως,
1455 2866 1531 2885 1210.
1567 2859 1621 2884 Del
1636 2867 1687 2884 suo
1701 2861 1864 2885 monastero
1877 2859 1935 2892 egli
1949 2862 2055 2892 spunta

1161 2910 1241 2928 come
1260 2903 1418 2928 camerario
1437 2902 1474 2926 fin
1494 2902 1541 2927 dal
1562 2908 1586 2934 5,
1605 2901 1682 2932 vm,
1703 2907 1781 2935 1197,
1800 2909 1814 2926 e
1839 2909 1918 2927 come
1944 2902 2052 2927 decano

1162 2945 1240 2979 (nunc
1259 2945 1383 2978 decanus)
1404 2946 1424 2970 il
1445 2951 1486 2977 27,
1508 2945 1556 2976 1v‚
1579 2951 1658 2978 1207:
1685 2945 1722 2972 cf.
1750 2945 1831 2970 Arch.
1850 2945 1881 2970 di
1903 2946 2054 2970 Montecas-

1161 2989 1227 3020 sino,
1245 2988 1328 3021 Cap&
1348 2988 1395 3017 lv,
1416 2986 1465 3020 763
1485 2989 1605 3020 Regesto
1625 2988 1655 3012 di
1671 2986 1825 3012 'roumso
1850 2988 1969 3019 Decano,
1997 2989 2055 3017 cit..

1161 3037 1210 3064 pp.
1233 3037 1273 3063 19,
1293 3030 1326 3062 36
1344 3037 1359 3055 e
1382 3037 1421 3062 sg.

2106 242 2182 269 Mum,
2198 250 2218 266 c.
2233 245 2272 270 98³

2086 365 2208 386 Coronatio
2234 365 2296 386 ouo-

2116 392 2152 423 mjs
2175 393 2294 418 imperato-

2115 425 2156 439 νιε-

2083 579 2134 600 Hoc
2147 579 2275 600 includitur

2108 612 2193 626 annum
2206 613 2220 627 ι

2083 847 2146 869 Obiit
2173 847 2294 872 Roffridus

2110 874 2242 894 Casium-is
2255 874 2293 894 ab·

2105 901 2147 921 bas
2167 903 2190 921 et
2207 902 2294 922 Petrus

2109 928 2179 948 Cemle
2186 928 2294 949 successit

2106 955 2186 975 eidem.

2145 1081 2166 1096 c.
2181 1081 2232 1096 tor

2080 1223 2157 1243 Rocca
2164 1222 2253 1243 Bantre
2259 1228 2294 1243 re-

2102 1249 2196 1270 bellavit
2218 1255 2294 1270 mona-

2106 1277 2176 1307 stfrio
2185 1276 2294 1297 Casinen-

2106 1309 2134 1323 st.

2083 2612 2117 2630 20

2084 2826 2114 2852 25

2083 3036 2118 3062 30
