2320 3444
118 230 171 268 [Α.
190 232 288 267 1221]
909 223 1186 262 CHRONICA
1915 225 1962 266 97
2018 238 2095 263 Mun„

210 357 328 400 “Sepe
368 357 620 400 corru[m]punt
657 358 749 391 mala
786 357 963 400 colloquia

120 411 258 446 “bonos
280 423 406 452 mores,
430 418 465 445 et
488 412 565 445 ouis
589 412 748 445 morbida
772 411 963 452 corrumpit

119 467 180 499 ‘et
200 466 311 499 inficit
323 475 467 510 gregem
482 471 603 498 totum.
620 464 846 498 Meretricum
863 463 963 496 habi-

119 521 134 538 “
147 520 230 553 tatio
241 519 478 562 pubblicarum
495 519 588 552 infra
603 518 717 551 menia
729 517 904 550 ciuitatum
918 516 962 548 ad

119 574 134 591 ²
148 572 329 605 mulierum
352 582 437 615 sepe
460 572 555 604 cedit
578 570 766 614 perniciem
797 570 960 602 honesta-

119 626 134 645 ⁸
145 637 232 665 rum,
246 631 282 659 et
297 636 414 658 earum
431 625 564 658 uicinia
579 625 672 667 ipsas
686 623 915 666 co[i]nquinat
927 627 963 654 et

119 681 135 698 “
148 679 305 714 infamat.
329 680 437 719 Quod
453 679 592 723 quidem
609 678 786 722 corrigere
809 682 963 709 statuen-

116 733 209 772 ‘tes‚
247 734 405 767 iubemus
435 733 636 766 meretrices
659 731 870 773 ubicumque
900 740 963 762 uo-

119 786 274 820 “luerint
290 793 387 821 extra
402 787 580 820 ciuitatum
594 785 759 818 ambitum
775 795 836 818 sua
851 790 961 816 trans-

119 841 241 874 “ferre
276 840 476 884 prostibula.
521 838 659 878 Quibus
689 839 735 871 acl
765 837 960 870 exeundum

119 895 134 912 ‘⁶
147 905 226 927 cum
249 895 321 927 suis
343 893 522 927 sarcinulis
537 894 683 926 duorum
698 892 865 925 mensium
882 901 960 933 spa-

119 949 230 982 “tium
252 948 482 992 indulgemus,
505 947 755 980 numerandum
779 955 799 976 a
815 945 872 977 die
893 954 960 986 quo

120 1002 192 1036 “ad
215 1002 309 1044 ipsas
331 1000 533 1044 peruenerit
555 1000 656 1033 huius
670 1004 789 1032 nostre
804 997 963 1030 maiesta-

119 1053 188 1087 “tis
225 1054 377 1088 edictum
392 1053 413 1088 ¹,
451 1054 505 1093 Et,
536 1059 574 1086 ut
595 1052 784 1086 honestatis
821 1050 961 1094 publice

119 1107 366 1152 “priuilegium
396 1107 471 1140 sine
500 1107 763 1150 inquinamento
793 1109 962 1143 seruetur,

120 1162 182 1194 “et
211 1161 356 1194 honeste
385 1160 550 1193 mulieres
579 1159 623 1192 ab
654 1159 738 1202 ipsis
760 1156 962 1191 mulieribus

119 1214 270 1248 “melius
293 1215 548 1253 discernantur,
579 1214 769 1252 statuimus,
791 1218 830 1245 ut
852 1221 964 1244 mere-

117 1269 132 1286 ¹‘
146 1269 253 1303 trices
275 1270 349 1312 ipse
366 1270 462 1303 curia
478 1269 641 1302 deferant
655 1268 763 1311 pallia
778 1267 868 1300 sicut
883 1265 963 1304 uiri,

119 1323 215 1365 “que
243 1323 312 1355 sint
341 1324 487 1356 inferius
517 1323 677 1367 ligozata‚
708 1331 774 1355 nec
797 1320 963 1353 incedant

119 1377 210 1418 “per
233 1375 390 1409 ciuitates
420 1377 478 1409 uel
507 1377 609 1409 uicos
639 1376 711 1408 sine
734 1373 849 1418 palliis
872 1372 962 1415 ligo-

120 1430 136 1446 “
146 1429 240 1462 zatis.
285 1430 344 1463 Ad
359 1429 484 1463 balnea
497 1439 576 1462 cum
592 1428 748 1462 honestis
762 1426 964 1459 mulieribus

120 1483 218 1516 “non
240 1483 422 1522 accedant,
445 1484 508 1516 sed
531 1484 578 1516 ad
593 1481 847 1515 balneationem
871 1480 962 1522 ipsa-

49 1536 239 1575 uor‘rum'
277 1542 408 1570 tantum
454 1537 530 1570 dies
562 1536 732 1569 Mercurii
769 1535 963 1578 deputetur.

121 1591 136 1608 ‘⁶
150 1587 230 1628 Que
252 1600 338 1623 uero
361 1590 607 1623 contrauenire
630 1587 880 1632 presumpserit
902 1596 967 1628 per

122 1643 327 1677 “ciuitatem
350 1644 548 1688 fustigetur.

209 1695 426 1730 “statuimus
472 1697 616 1730 firmiter
652 1696 717 1739 u[t]
754 1695 964 1739 quicumque

121 1749 359 1784 “ioculatores
391 1749 620 1793 obloquentes
649 1750 686 1782 in
716 1748 875 1792 personis
906 1753 964 1780 aut

119 1802 252 1837 “rebus
281 1803 471 1836 offenderit
499 1814 622 1847 pacem
653 1801 871 1845 imperialem
894 1811 964 1833 non

121 1857 136 1875 ‘⁴
147 1862 308 1890 teneatur
323 1857 519 1901 infringere
534 1867 601 1890 nec
617 1855 764 1900 proinde
781 1855 826 1889 ab
849 1854 964 1897 aliquo

123 1909 139 1927 ‘⁴
149 1910 314 1954 puniatur
326 1934 341 1951 ‚,
360 1910 383 1944 ³.

202 1963 397 2007 Imperator
425 1970 568 1998 tarenos
595 1974 707 1997 nouos
736 1962 883 1996 Amalfie
931 1966 966 1993 et

112 2017 312 2060 imperiales
322 2017 518 2057 Brundusii,
530 2017 675 2051 cassatis
685 2015 871 2053 ueteribus,
883 2013 966 2048 cudi

114 2071 285 2114 precepit,
309 2076 344 2104 et
359 2071 435 2114 ipso
450 2071 638 2104 mandante
650 2072 675 2110 ³,
697 2070 764 2102 hoc
788 2078 877 2102 anno
901 2077 965 2110 per

113 2129 222 2158 totum
251 2124 414 2169 Regnum
438 2124 605 2157 uicesima
627 2134 646 2157 a
669 2122 826 2166 personis
849 2122 965 2154 eccle-

54 2182 58 2188 '
113 2177 259 2211 siasticis
274 2177 450 2221 colligitur
473 2177 519 2210 de
544 2176 702 2210 omnibus
723 2174 963 2218 prouentibus.

54 2240 59 2250 “
113 2231 286 2265 uidelicet
301 2232 345 2264 de
361 2231 579 2269 metantibus,
590 2230 684 2270 uino,
698 2235 734 2262 et
744 2228 963 2266 animalibus,

59 2398 62 2401 ¹
201 2374 228 2399 9.
244 2368 326 2392 extra
338 2384 344 2390 .
355 2385 361 2391 .
374 2384 380 2390 .
392 2383 399 2391 .
416 2365 539 2390 ambitus
557 2363 653 2390 GAun.
675 2378 707 2384 —-
722 2370 815 2397 2²·23·
831 2365 959 2397 ipsorum

49 2426 62 2439 =,
116 2411 212 2438 Gaun.
232 2425 265 2429 —
285 2416 328 2444 35.
347 2411 381 2436 de
399 2409 574 2442 soprasm‘tto
595 2410 660 2436 Cod.

202 2513 212 2530 ¹
231 2513 291 2540 Che
311 2514 337 2539 le
358 2513 504 2538 meretrici
524 2519 583 2538 non
597 2514 747 2546 potessero
760 2512 870 2537 abitare
883 2512 1008 2536 dov'ers-

115 2564 154 2583 no
172 2557 199 2582 le
216 2564 336 2590 persone
356 2558 454 2582 oneste
469 2563 518 2581 era
529 2553 579 2589 glai
593 2556 670 2580 stato
684 2555 815 2588 disposto
829 2555 1010 2585 nell'Assisa,

51 2603 88 2631 μς
115 2607 142 2624 n.
162 2597 241 2624 XVII
259 2599 289 2624 di
307 2598 453 2632 Rugglero
473 2597 511 2622 11:
528 2596 541 2610 “
552 2598 594 2622 De
607 2597 802 2622 meretricibus
813 2616 819 2622 .
830 2613 838 2622 .
848 2613 856 2622 .
866 2613 874 2622 .
887 2597 923 2622 Et
937 2597 1011 2622 inter

53 2638 56 2644 ’
117 2641 210 2666 “boni
223 2641 385 2666 testimonii
402 2641 523 2665 seminas
536 2639 747 2664 habitationem
767 2641 895 2664 vetamus
906 2658 930 2671 η.
958 2639 1010 2664 Fe-

114 2683 211 2708 derlco
231 2681 340 2716 ampnb
360 2691 374 2707 e
394 2682 536 2715 completo
562 2682 590 2706 la
617 2682 822 2714 disposizione,
841 2689 886 2706 ma
906 2689 963 2708 non
983 2681 1010 2706 la

16 2720 17 2732 ³
57 2751 65 2758 Α,
116 2723 204 2751 inseri
223 2725 298 2750 nelle
317 2724 514 2750 Costituzioni
535 2724 565 2749 dl
586 2723 678 2754 Melfig
697 2723 734 2748 cf.
755 2724 884 2748 Artoarta
902 2723 1011 2748 n’Issn·

115 2774 171 2794 m
184 2767 230 2792 nel
243 2770 405 2793 commento
418 2768 477 2793 alla
490 2769 559 2792 eost.
573 2766 605 2791 L.
618 2766 668 2797 111,
681 2767 730 2791 tit.
745 2771 788 2798 77,
801 2774 829 2799 p.
841 2772 908 2798 422:
929 2766 943 2780 “
953 2766 1012 2792 Me-

68 2823 84 2832 =-
117 2809 132 2824 '¹
142 2811 258 2835 tetrice·
274 2818 331 2835 non
345 2811 464 2842 possunt
477 2809 607 2834 habitare
621 2815 710 2841 prope
723 2808 857 2834 honestas
877 2809 921 2834 vel
935 2809 1011 2833 circa

119 2852 336 2878 “sacratissima
355 2852 421 2878 loca
439 2854 467 2877 et
487 2851 663 2876 venerabiles
683 2851 783 2875 domos
795 2869 819 2883 η.

204 2893 216 2910 ²
235 2895 276 2919 La
294 2894 508 2919 modificazlone
529 2893 700 2918 dell’Assisa
719 2892 772 2917 VII
785 2892 814 2917 di
829 2892 973 2925 Ruggiero
986 2892 1013 2918 11

58 2966 63 2975 ὲ
117 2936 170 2969 (ed.
183 2934 320 2962 ΟΑκσΛκι
335 2938 392 2968 cit„
407 2944 433 2970 p.
448 2937 510 2968 ²27)
524 2943 613 2969 prova
627 2936 678 2960 che
692 2937 700 2959 i
715 2935 837 2960 contuml
850 2935 896 2960 dei
910 2935 924 2950 ‘¹
934 2936 1011 2969 §ocu-

65 2978 70 3008 ἶ
121 2978 134 2992 ’”
145 2977 274 3010 latores„
289 2980 381 3003 ernnsl
397 2978 497 3004 venuti
511 2977 707 3010 miglIorando
723 2977 766 3002 nel
781 2984 862 3002 senso
877 2976 1013 3008 dell‘arte,

18 3016 20 3042 ἶ
57 3025 91 3054 ²2⁵
205 3019 216 3037 ³
234 3021 281 3046 Cf.
301 3021 333 3047 C.
355 3022 390 3047 A.
409 3020 538 3051 Gutum,
557 3021 598 3045 Di
615 3029 667 3044 una
681 3020 858 3044 rnonetazione
871 3020 1014 3051 imperiale

255 3137 289 3162 Τ.
307 3136 368 3166 VH.
386 3144 416 3169 p.
436 3143 458 3161 ιι
479 3149 512 3154 -
532 3142 557 3168 7.

1125 357 1317 390 Maledicta
1331 357 1493 402 fatorum
1516 359 1605 391 serie

1167 411 1248 453 ‚Qua
1270 411 1316 443 sit
1338 412 1429 443 tanti
1449 411 1533 444 mali
1553 413 1718 455 congerie

1171 464 1314 496 Cunctos
1336 465 1458 507 tangit
1478 465 1544 498 ista
1565 466 1701 498 makes-ie

1168 517 1303 550 Cunctis
1325 518 1428 550 datur
1438 518 1554 562 flendi
1573 519 1717 552 materie

1123 597 1273 630 Mundus
1296 602 1384 630 totus
1406 602 1440 630 et
1461 599 1581 631 mundi
1598 599 1763 643 principe

1166 650 1254 684 Sunt
1275 652 1400 685 doloris
1419 653 1599 696 participe

1171 704 1280 737 Tuam
1304 717 1392 749 ergo
1415 717 1549 738 causam
1573 712 1611 739 ut
1632 709 1765 741 uindice

1171 759 1222 791 Te
1244 770 1312 798 nos,
1338 759 1483 798 Christe,
1504 763 1693 804 precamur
1707 762 1864 806 supplice

1029 837 1067 868 10
1209 837 1320 881 Igitur
1332 839 1427 881 quod
1443 839 1561 872 dicere
1574 851 1710 883 nequeo
1723 852 1793 874 non
1805 842 1968 880 dolendo,

1121 900 1183 932 per
1206 891 1492 933 compositionem
1509 891 1647 926 reddita
1662 893 1821 927 Damiata
1845 894 1968 928 Solda-

1121 953 1179 981 no,
1202 943 1340 976 liberati
1363 951 1443 977 sunt
1465 945 1637 988 utrimque
1662 947 1794 989 captiui
1819 953 1854 980 et
1877 947 1968 980 chri-

1120 996 1224 1029 stiani
1246 997 1436 1040 principes,
1466 999 1526 1041 qui
1558 1005 1678 1032 contra
1708 999 1898 1033 Soldanum
1921 1001 1968 1033 in—

1120 1050 1280 1083 consulte
1303 1057 1559 1093 processerant,
1582 1052 1731 1087 liberati.

1028 1103 1066 1136 15
1209 1103 1332 1136 Mense
1364 1104 1563 1147 Septembri
1589 1106 1625 1138 in
1656 1107 1747 1139 festo
1779 1108 1968 1141 nativitatis

1122 1157 1223 1190 beate
1245 1156 1402 1201 Uirginis
1424 1159 1534 1191 tareni
1557 1159 1640 1192 noui
1656 1161 1829 1193 cuduntur
1850 1160 1968 1193 Amal·

1123 1211 1228 1244 fitani.

1026 1372 1069 1403 20

1029 1639 1068 1671 25

1028 1908 1071 1940 30

1028 2175 1069 2208 35

1062 2511 1093 2536 di
1110 2511 1242 2536 Federico
1264 2512 1300 2535 II
1320 2511 1480 2536 transitoria
1499 2511 1555 2543 fra
1581 2511 1592 2534 ι’
1615 2511 1673 2535 tari
1697 2519 1710 2535 e
1732 2510 1780 2542 gli
1803 2510 1963 2542 Augustali,

1064 2553 1295 2579 Rendleonti
1317 2553 1414 2578 della
1434 2553 1473 2577 R.
1493 2552 1628 2577 Accad.
1643 2554 1697 2577 dei
1712 2552 1851 2581 Lincei,
1864 2552 1964 2582 Roma,

1067 2596 1142 2628 1897,
1164 2603 1213 2629 pp.
1232 2594 1323 2628 46-63.
1361 2595 1477 2620 Furono
1499 2596 1542 2619 nel
1573 2602 1638 2620 1221
1663 2596 1802 2620 riconinti
1824 2596 1831 2618 i
1852 2596 1907 2619 turi
1935 2595 1964 2618 dl

1065 2638 1177 2669 Amalfi,
1204 2646 1249 2663 ma
1278 2639 1305 2662 su
1332 2638 1474 2662 decretata
1500 2637 1527 2662 la
1555 2645 1647 2662 nuova
1671 2639 1786 2662 moneta
1805 2636 1963 2669 imperiale,

1065 2679 1171 2709 Quella
1190 2681 1267 2706 della
1287 2688 1367 2705 zecca
1387 2680 1526 2711 d'Amalfl,
1547 2681 1582 2704 ha
1603 2680 1646 2704 nel
1662 2681 1717 2704 dn:
1732 2679 1762 2704 F.
1777 2680 1962 2710 ΙΜΡΕκΛτοκ,
1993 2687 2026 2704 20

1066 2723 1111 2748 nel
1137 2731 1207 2752 rom,
1235 2723 1331 2748 “Rex
1351 2723 1526 2753 Sicilie„:
1551 2723 1655 2753 l’astra,
1676 2722 1751 2746 forse
1770 2722 1800 2746 di
1819 2721 1964 2746 Brindisit

1065 2768 1164 2790 centro
1183 2766 1289 2797 aquila,
1303 2767 1419 2790 attorno
1434 2765 1463 2789 F.
1477 2765 1653 2788 humanm-on
1665 2771 1680 2788 e
1694 2771 1804 2788 avanzo
1818 2763 1848 2788 di
1864 2764 1964 2787 lettere

1065 2808 1185 2839 cuflche;
1198 2815 1268 2837 rov.,
1282 2815 1362 2832 croce
1376 2807 1557 2832 Amalfitana.
1587 2807 1630 2831 Un
1650 2808 1730 2831 terzo
1745 2806 1909 2838 esemplare,
1928 2805 1964 2830 ha

1068 2851 1112 2875 nel
1127 2852 1225 2875 centro
1238 2851 1356 2881 l’squila
1373 2857 1426 2874 con
1444 2851 1518 2874 sorte
1533 2850 1627 2874 rostro
1642 2857 1655 2873 a
1669 2850 1799 2879 sinistra,
1811 2848 1863 2873 ben
1877 2847 1964 2877 sattim

1067 2894 1113 2918 nel
1133 2900 1202 2924 τοι,
1223 2900 1306 2917 croce
1326 2892 1503 2921 amalfitanm
1524 2892 1560 2916 cs.
1580 2890 1709 2919 szum,
1728 2892 1838 2915 Alonete
1864 2900 1877 2915 e
1895 2890 1967 2915 conii
1993 2899 2024 2925 25

1067 2936 1139 2960 nella
1161 2935 1253 2960 storia
1273 2936 1319 2959 del
1336 2935 1431 2959 diriuo
1450 2934 1540 2958 Siculo
1554 2942 1599 2958 con
1613 2934 1761 2958 documenti
1778 2933 1877 2957 inediti
1888 2942 1902 2956 e
1914 2933 1964 2956 due

1066 2978 1205 3010 catologhi
1222 2978 1361 3006 monetari.
1382 2977 1466 3001 Parte
1486 2977 1506 3006 Ι,
1526 2976 1663 3006 Palermo,
1681 2975 1758 3007 1898,
1772 2984 1799 3008 p.
1817 2975 1865 3000 108
1880 2983 1894 2999 e
1909 2983 1963 3008 sg.;

1071 3025 1118 3052 145
1141 3028 1154 3044 e
1177 3019 1234 3051 146.

2110 244 2131 261 C.

2145 244 2185 264 994
