2320 3444
191 262 267 287 Mum,
283 268 303 282 c.
320 264 371 283 1028

170 609 230 628 Idem
246 608 372 632 Augustus.

229 1302 249 1316 c.
263 1301 287 1319 ,ἴς
296 1302 310 1315 r

163 1457 199 1476 De
212 1455 328 1478 militibus.

161 1870 196 1891 De
215 1870 263 1895 fide
287 1870 374 1890 instru-

187 1898 320 1920 mentorum,

336 3016 368 3034 10

417 253 488 287 180
870 248 1144 284 RYCCARDI
1173 247 1244 282 DE
1272 247 1486 283 SANCTO
1515 247 1783 284 GERMANO
2084 254 2135 290 [Α.
2157 255 2251 291 12³2}

405 384 499 427 ipsas
521 383 615 415 iuxta
638 383 724 414 artis
747 386 781 412 et
802 381 970 412 hominum
993 379 1174 423 qualitates
1196 380 1232 411 in
1252 380 1430 420 presentia
1460 380 1650 412 iuratorum
1681 381 1873 420 conficiant3
1898 381 2009 424 quisi
2030 386 2246 415 contrauene-

405 438 487 475 rint,
512 437 669 468 bonorum
685 446 821 467 suorum
846 434 1015 466 mobilium
1045 434 1212 465 sententia
1243 434 1541 477 condempnentur.
1590 432 1755 467 Ordinati
1781 445 1873 473 uero,
1896 445 2037 478 quorum
2053 436 2145 476 fidei
2171 440 2248 468 sunt

404 491 561 533 predicta
584 490 764 529 commissa,
788 488 821 519 si
839 486 1007 530 fraudem
1031 487 1066 519 in
1090 487 1221 519 credito
1243 487 1330 530 ipsis
1352 487 1454 529 officio
1477 488 1681 519 commisisse
1710 488 1909 530 probentur,
1934 489 2048 520 ultimo
2077 490 2247 533 supplicio

396 543 576 588 feriendos
599 552 775 574 censemus.

493 595 548 627 De
569 595 773 627 aleatoribus
786 593 810 626 ¹:
836 594 952 625 lllores
975 594 1132 625 dissolute
1153 594 1337 626 uiuentium
1361 595 1518 637 imposito
1539 597 1627 637 pene
1641 593 1835 637 formidine
1859 595 1906 626 ad
1917 593 2072 638 frugem
2094 596 2245 628 melioris

402 651 472 681 uite
495 649 655 680 reducere
679 648 860 691 cupientes,
891 648 1079 689 statuimus,
1104 657 1158 679 eos
1189 648 1250 690 qui
1277 648 1325 679 ad
1353 648 1461 679 dutios
1483 658 1524 679 ex
1546 648 1692 690 quadam
1723 648 1957 680 consuetudine
1987 649 2116 691 ludunt,
2147 654 2181 682 et
2211 651 2247 682 in

402 703 478 734 ludo
499 703 574 744 ipsc
596 702 750 734 continue
774 705 1027 739 conseruantur,
1051 705 1088 732 ut
1118 700 1205 732 nulli
1225 701 1289 733 alii
1309 706 1428 733 uacent
1458 701 1558 743 offi‘cio
1589 701 1629 732 de
1652 712 1712 741 quo
1742 701 1871 739 uiuant,
1905 702 2116 735 tabernarios
2146 703 2246 735 ettam

401 756 461 798 qui
481 756 637 787 tabernas
660 755 751 786 uelut
766 754 895 786 natales
918 754 1007 786 lares
1029 758 1062 786 et
1084 756 1250 797 proprios
1274 755 1466 798 elegerunt,
1491 765 1546 786 eos
1569 755 1671 786 etiam
1695 755 1756 797 qui
1775 754 1867 786 aleas
1889 759 1922 787 et
1943 756 2053 787 datios
2076 760 2188 789 tenent
2209 761 2248 788 ut

402 820 442 841 ea
463 809 630 852 predictis
654 808 842 840 ludentibus
864 807 1077 845 commodent,
1102 807 1253 840 uolumus
1283 808 1375 840 inter
1396 808 1545 851 infames
1575 807 1702 849 haberi,
1726 809 1776 840 ita
1799 812 1837 840 ut
1867 819 1928 840 nec
1950 808 1998 840 ad
2019 809 2246 844 testimonium

401 873 460 894 nec
483 863 530 893 ad
549 863 684 904 officium
707 861 849 904 aliquod
868 861 1038 904 publicum
1062 861 1300 894 admittantur.
1344 861 1480 893 Iudices
1495 862 1596 893 etiam
1612 866 1644 893 et
1659 861 1838 893 advocatos
1859 865 1894 893 et
1915 863 2064 894 notarios
2083 861 2246 906 publicos,
2271 864 2284 895 1
2311 879 2315 894 ν.

400 916 461 958 qui
480 915 685 947 hiuiusmodi
704 915 802 946 uilem
827 919 860 946 et
881 915 1054 946 sordidam
1071 915 1178 946 uitam
1194 915 1327 956 ducunt,
1342 915 1488 958 infamia
1503 915 1663 958 predicta
1679 919 1808 946 notatos
1830 926 1851 946 a
1866 915 2030 958 susceptis
2052 915 2153 947 etiam
2175 916 2245 948 iam

399 969 511 1010 officiis
534 968 570 999 in
592 971 798 1011 perpetuum
821 967 983 999 amoueri.
1032 967 1231 1000 Prostremo
1247 969 1350 1000 etiam
1373 968 1510 1006 milites,
1527 978 1607 1011 quos
1621 968 1740 999 saltem
1758 969 1920 1010 equestris
1944 968 2131 1010 dignitatis
2147 969 2245 1002 decus

400 1022 535 1054 deberet
557 1033 577 1053 a
600 1022 721 1053 talibus
743 1021 928 1058 cohercere,
951 1021 986 1052 si
995 1019 1098 1064 fame
1118 1032 1176 1053 sue
1189 1022 1344 1065 prodigi
1352 1026 1386 1053 et
1400 1021 1543 1065 pudoris
1559 1022 1684 1064 ignari
1696 1021 1745 1052 ad
1757 1020 1924 1054 uilitatem
1939 1021 2131 1054 huiusmodi
2142 1023 2246 1055 dedu-

399 1076 514 1107 xerint
535 1076 640 1107 uitam
662 1085 767 1112 suam,
791 1074 827 1106 in
851 1077 1054 1118 perpetuum
1085 1085 1106 1106 a
1129 1075 1315 1107 testimonio
1337 1085 1589 1112 summouemus,
1621 1075 1661 1106 ab
1691 1075 1740 1106 eis
1771 1075 1872 1106 etiam
1899 1075 2038 1113 iudicia,
2069 1086 2132 1118 que
2160 1076 2248 1108 uiris
2311 1117 2313 1119 ι

399 1129 601 1160 militaribus
623 1133 701 1160 sunt
721 1139 886 1170 concessa,
918 1128 954 1159 in
976 1130 1181 1171 perpetuum
1205 1129 1406 1160 abdicantes.

487 1182 543 1215 De
565 1183 724 1225 dampnis
734 1181 761 1213 ²:
786 1181 962 1214 Animalia
985 1182 1021 1213 in
1043 1182 1152 1214 uineis
1167 1187 1200 1214 et
1214 1182 1472 1225 possessionibus
1487 1182 1661 1214 cuiuslibet
1675 1182 1859 1224 dampnum
1866 1181 2039 1225 facientia
2054 1183 2246 1226 intercepta

398 1237 544 1268 locorum
561 1236 695 1267 baiuilis
710 1246 767 1266 seu
783 1235 936 1274 dominis,
952 1239 990 1267 ut
1001 1238 1071 1279 per
1086 1246 1140 1267 eos
1154 1235 1246 1267 illati
1258 1236 1403 1279 dampni
1415 1235 1620 1268 restauratio
1635 1235 1864 1278 subsequatur.
1880 1236 2020 1278 sufficiat
2034 1235 2215 1279 assignari
2217 1235 2244 1279 ,·'

398 1289 629 1322 constitutione
645 1289 760 1331 regia,
778 1299 841 1331 que
857 1289 934 1332 ipsa
950 1289 1130 1331 regionum
1153 1289 1380 1321 iustititiarits
1403 1289 1577 1328 assignari
1595 1288 1812 1330 mandabant,
1835 1289 1872 1320 in
1893 1289 1957 1321 hac
1978 1292 2082 1331 parte
2103 1293 2243 1331 remota,

397 1354 471 1375 cum
494 1342 708 1385 dispendium
732 1346 817 1373 esset
830 1341 932 1386 sorte
954 1353 1019 1374 non
1043 1343 1207 1374 modicum
1228 1343 1446 1385 prouinciam
1470 1342 1628 1379 circuire,
1650 1353 1710 1374 nec
1733 1342 1917 1374 iustitiarii
1929 1343 1972 1374 de
1994 1342 2126 1381 talibus,
2142 1343 2245 1375 etiam

395 1400 502 1440 prout
516 1396 789 1439 predecessorum
802 1401 991 1428 nostrorum
1007 1400 1040 1427 et
1054 1396 1177 1427 nostris
1192 1396 1479 1428 constitutionibus
1494 1400 1542 1428 est
1558 1399 1770 1439 expressum,
1785 1396 2012 1429 intromittere
2026 1407 2063 1429 se
2076 1397 2243 1430 deberent.
2266 1395 2314 1430 2133

486 1449 582 1481 Idem
611 1449 789 1492 Augustus
802 1451 823 1480 ⁸.
871 1448 1131 1481 Constitutiones
1159 1451 1317 1492 presenti
1337 1450 1373 1481 in
1403 1452 1578 1492 posterum
1609 1448 1762 1482 ualitura
1788 1451 1965 1491 sancimus,
1989 1454 2027 1482 ut
2056 1450 2174 1482 amodo
2197 1449 2246 1482 ad
2316 1447 2318 1450 ’

397 1504 581 1535 militarem
596 1503 755 1535 honorem
779 1503 887 1536 nullus
909 1503 1049 1536 accedat
1071 1504 1133 1546 qui
1152 1515 1216 1535 non
1232 1503 1279 1536 sit
1302 1503 1342 1535 de
1357 1514 1490 1546 genere
1506 1503 1655 1536 militari
1674 1504 1745 1536 sine
1761 1508 1873 1536 nostre
1887 1503 2093 1536 celsitudinis
2107 1503 2244 1536 licentia

395 1557 555 1601 speciali;
578 1557 750 1593 militibus.
773 1557 834 1600 qui
861 1557 1020 1589 hactenus
1047 1560 1128 1601 post
1154 1557 1419 1600 prohibitionem
1447 1557 1525 1589 diue
1555 1558 1716 1589 memorie
1745 1558 1845 1600 regis
1875 1556 2033 1601 Rogerii
2051 1557 2114 1590 ani
2133 1557 2246 1591 nostri

396 1611 606 1653 dignitatem
628 1610 781 1654 fuerunt
803 1611 988 1643 militarem
1012 1611 1140 1654 adepti,
1165 1622 1208 1643 ex
1230 1610 1423 1643 serenitatis
1447 1616 1558 1643 nostre
1587 1611 1714 1653 gratia
1743 1622 1838 1643 suam
1868 1611 2091 1644 retinentibus
2121 1610 2241 1655 digni-

397 1669 510 1706 tatem,
534 1665 708 1697 dummodo
731 1665 852 1697 uinant
874 1665 1073 1697 militariter
1095 1669 1134 1697 ut
1156 1669 1206 1697 est
1227 1666 1362 1697 dictum.
1401 1665 1566 1698 Presenti
1587 1665 1690 1697 etiam
1715 1665 1824 1697 edicto
1847 1664 1935 1697 illud
1947 1665 2181 1708 adiungimus,
2204 1669 2244 1698 ut
2263 1667 2283 1698 2
2296 1671 2312 1698 *z

396 1719 497 1750 iudex
519 1719 576 1751 uel
595 1719 748 1750 notarius
768 1719 925 1762 publicus
947 1719 1070 1761 aliquis
1092 1718 1154 1761 qui
1173 1719 1253 1751 uilis
1275 1719 1475 1751 conditionis
1497 1719 1552 1759 sit,
1576 1717 1722 1750 uillanus
1753 1722 1814 1750 aut
1834 1718 2049 1762 angurarius
2069 1717 2239 1763 forsitan,

397 1772 610 1816 itemquefilii
629 1772 829 1805 clericorum
851 1772 976 1816 spurii,
999 1772 1056 1805 uel
1077 1772 1174 1804 modo
1189 1772 1327 1813 quolibet
1344 1772 1528 1810 naturales,
1544 1772 1581 1804 in
1596 1775 1771 1815 posterum
1787 1773 1905 1804 creari
1925 1783 1990 1804 non
2007 1775 2155 1816 possunt,
2179 1782 2239 1806 nec

397 1826 584 1858 nullatenus
602 1827 811 1869 promoueri.

486 1879 627 1911 Idem⁴z
652 1879 961 1912 Instrumentorum
984 1880 1089 1912 robur
1112 1884 1146 1912 et
1166 1879 1448 1924 sollempnitatem
1471 1884 1647 1922 augentes,
1673 1884 1711 1911 ut
1733 1880 1775 1911 de
1804 1881 1957 1923 ipsorum
1971 1878 2056 1924 fi'de
2086 1880 2177 1913 nulla
2204 1880 2241 1912 in
2313 1919 2315 1922 Ι

393 1937 569 1977 posterum
591 1933 757 1966 dubitatio
776 1934 890 1977 possit
904 1934 1002 1975 oriri,
1018 1933 1206 1972 statuimus,
1222 1933 1255 1966 si
1267 1932 1439 1977 quantitas
1461 1944 1525 1976 que
1540 1933 1576 1964 in
1592 1937 1768 1966 contractu
1791 1933 1971 1966 deducitur
1991 1933 2091 1978 infra
2113 1933 2236 1967 libram
2260 1932 2318 1976 303

396 1987 477 2020 auri
495 1987 654 2019 subsistat
676 1987 717 2019 de
741 1987 914 2020 mobilibus
936 1991 970 2020 et
999 1987 1221 2019 immobilibus
1252 1987 1360 2025 rebus,
1390 1991 1451 2018 aut
1480 1987 1680 2029 quibuslibet
1708 1987 1827 2026 causis,
1858 1987 1895 2018 in
1920 1986 2143 2020 instrumento
2172 1988 2238 2020 duo

395 2045 493 2073 testes
515 2041 594 2072 bone
616 2045 649 2073 et
670 2041 814 2084 probate
836 2041 1006 2084 opinionis
1027 2041 1238 2073 subscribant
1260 2044 1383 2084 preter
1406 2040 1550 2072 iudicem
1574 2044 1608 2072 et
1633 2040 1825 2077 notarium3
1853 2040 1886 2072 si
1906 2050 1988 2073 vero
2015 2039 2138 2073 libram
2159 2042 2244 2074 auri

396 2094 534 2126 excedat
556 2099 626 2126 tres
649 2098 746 2126 testes
759 2095 904 2137 probate
907 2094 1000 2137 fidei
1017 2098 1142 2138 preter
1157 2094 1301 2126 iudicem
1318 2097 1351 2125 et
1366 2094 1547 2135 notarium,
1565 2097 1603 2125 ut
1618 2098 1669 2125 est
1683 2093 1820 2135 dictum,
1837 2094 1873 2126 in
1889 2093 2002 2126 eodem
2017 2093 2239 2127 instrumento

394 2148 623 2190 subscribant;
646 2149 707 2191 qui
734 2148 862 2190 debent,
893 2153 931 2180 ut
953 2149 1080 2180 dictum
1111 2152 1171 2190 est,
1195 2158 1265 2180 esse
1287 2147 1380 2180 omni
1400 2147 1597 2190 exceptione
1628 2147 1783 2186 maiores,
1816 2151 1850 2179 et
1877 2148 2018 2180 scientes
2047 2147 2180 2180 litteras
2201 2148 2238 2180 in

394 2202 474 2233 locis
489 2202 524 2233 in
548 2201 664 2244 quibus
685 2202 836 2234 litterati
855 2205 1017 2245 poterunt
1038 2202 1197 2236 inueniri.
1244 2200 1404 2244 Alioquin
1426 2201 1491 2232 alii
1505 2201 1607 2232 etiam
1623 2204 1863 2233 assumantun
1898 2199 2027 2233 Contra
2041 2201 2236 2244 predictam
2261 2200 2302 2235 35

394 2259 503 2286 autem
518 2254 675 2298 formam
697 2256 920 2288 instrumenta
943 2254 1096 2299 confecta
1126 2256 1162 2287 in
1193 2258 1365 2299 posterum
1389 2254 1516 2286 nullam
1547 2254 1691 2286 habeant
1717 2254 1927 2296 firmitatem.
1973 2253 2044 2287 Illa
2070 2253 2238 2287 tenaciter

393 2309 611 2346 obseruando,
633 2314 670 2340 ut
692 2310 728 2341 in
751 2309 864 2352 aliquo
888 2309 1036 2342 locorum
1059 2309 1169 2341 nostri
1189 2308 1341 2341 demanii
1361 2308 1481 2340 clerici
1500 2307 1734 2350 cuiuscumque
1749 2307 1893 2346 ordinis,
1909 2307 2037 2340 iudices
2057 2312 2091 2339 et
2111 2308 2241 2341 notarii
2304 2295 2320 2447 ἐ

393 2362 580 2394 nullatenus
603 2368 828 2395 assumantur.

482 2416 602 2448 Mense
626 2416 744 2448 Martii
767 2416 960 2459 Imperator
974 2427 996 2449 a
1012 2415 1182 2449 Rauenna
1197 2415 1232 2448 in
1250 2414 1472 2458 Aquilegiam
1488 2424 1553 2457 per
1569 2425 1662 2447 mare
1679 2414 1775 2447 uadit
1786 2418 1807 2453 ⁵,
1824 2414 1882 2446 ubi
1899 2414 2003 2446 filium
2020 2424 2116 2446 uuum
2141 2414 2238 2447 Hen-

393 2469 502 2501 ricum
526 2468 734 2502 Alamannie
758 2480 877 2513 regem
899 2475 1084 2502 uenturum
1107 2474 1282 2512 expectat.
2260 2468 2304 2501 40

2308 2147 2320 2240 i

2310 2241 2320 2266 ,l

2311 2281 2320 2302 δ’

483 2590 508 2616 5.
531 2584 701 2616 interposite
719 2590 791 2616 pene
813 2583 900 2608 Const.
919 2597 952 2602 —
971 2582 987 2607 6
1007 2591 1021 2607 e
1040 2582 1065 2609 8.
1084 2583 1179 2607 datios
1197 2591 1247 2606 non
1266 2582 1354 2606 dados
1375 2582 1441 2607 Cod.
1460 2595 1493 2599 —-
1515 2589 1554 2613 ¹9·
1569 2582 1677 2606 Notum
1691 2581 1872 2615 dispendium
1885 2582 1957 2606 esset
1970 2583 2088 2615 propter
2101 2581 2234 2607 damnum
2310 2522 2320 2611 ξ

394 2626 468 2649 forte
488 2626 631 2650 modicum
652 2627 740 2650 Const.
767 2639 798 2643 —-
825 2633 867 2651 22.
887 2625 1012 2650 militum
1032 2626 1123 2650 invece
1142 2625 1173 2649 di
1189 2625 1311 2650 militari
1331 2637 1343 2643 -
1443 2625 1671 2649 mansuetudinis
1693 2626 1790 2650 nostre
1810 2633 1859 2649 non
1878 2624 2060 2649 celsItudlnis
2088 2625 2175 2649 Const.
2200 2637 2234 2643 -
2309 2612 2320 2689 Ξ

2307 2686 2320 2768 Ξ

393 2674 482 2699 2²·23·
503 2669 620 2693 licentia
639 2669 759 2701 speciali
778 2669 885 2701 pariter
904 2671 931 2692 et
952 2668 1087 2693 mandato
1110 2669 1198 2692 Const.
1216 2681 1251 2685 ——
1271 2675 1311 2700 23.
1332 2668 1408 2700 regis
1426 2667 1546 2699 Rogeril
1565 2676 1658 2692 manca
1680 2669 1767 2692 Const.
1788 2681 1819 2685 —
1840 2672 1882 2698 25.
1901 2667 2040 2691 edicimus
2059 2675 2108 2692 non
2132 2667 2233 2692 adiun-

393 2711 485 2741 gimus
508 2712 594 2735 Const.
615 2724 647 2729 —
669 2710 710 2736 26.
732 2711 858 2736 villanus
882 2713 932 2735 aut
952 2712 1119 2744 angararius
1138 2711 1226 2741 ripae
1244 2719 1290 2734 con
1309 2710 1466 2740 espunzione
1488 2711 1550 2734 Cod.
1571 2724 1603 2727 —
1624 2717 1710 2742 30-31.
1730 2709 1810 2734 nulla
1830 2709 1948 2733 omnino
1969 2709 1999 2733 in
2019 2711 2163 2742 posterum
2182 2709 2233 2734 du-

394 2753 485 2777 bietas
506 2754 594 2778 C‘onst.
612 2767 644 2771 —
664 2761 706 2785 31.
726 2754 901 2785 quibuslibet
926 2754 1007 2777 rebus
1026 2755 1076 2777 aut
1094 2755 1187 2777 causis
1208 2754 1296 2777 Const.
1316 2766 1349 2770 -
1369 2752 1411 2784 38.
1432 2752 1595 2777 nullatenus
1615 2753 1778 2778 statuantur
1800 2752 1887 2777 Const.
1913 2766 1945 2770 —
1971 2759 2014 2784 39.
2039 2752 2129 2776 filium
2153 2759 2233 2776 suum
2309 2777 2320 2796 *i

394 2795 515 2826 ripetuti,
534 2804 576 2820 ma
596 2797 702 2826 espunti
720 2797 784 2820 Cod.
2308 2794 2316 2802 ’“

485 2882 491 2897 ¹
514 2885 594 2915 Idem,
615 2884 679 2909 Lib.
697 2884 746 2915 III,
765 2885 812 2910 tit.
833 2892 879 2910 xc.
1428 2883 1439 2900 ⁴
1460 2885 1542 2914 Idem,
1560 2884 1625 2910 Lib.
1645 2885 1665 2914 I,
1685 2884 1731 2909 tit.
1750 2890 1869 2908 LXXXIV.
2309 2801 2320 2939 ἐ

482 2924 494 2941 ²
514 2927 596 2955 Idem,
615 2926 676 2950 Lib.
697 2927 744 2957 ΙΙΙ,
764 2928 810 2952 tit.
830 2934 891 2952 mu:
915 2926 980 2951 “De
1000 2927 1173 2952 animalibus
1188 2928 1285 2951 inven-
1428 2926 1438 2942 ⁶
1460 2927 1526 2952 “De
1545 2936 1576 2952 ea
1596 2929 1694 2952 exiens
1713 2928 1832 2952 civitate
1851 2926 1996 2959 (Venetia)
2015 2933 2064 2958 per
2083 2927 2170 2950 maris
2183 2932 2234 2950 un·
2311 2940 2320 2965 Ε

398 2967 459 2991 “tis
479 2969 510 2992 in
533 2969 658 3001 dampno
671 2988 695 3000 η.
1343 2969 1417 2994 “das
1441 2971 1482 2993 sic
1512 2970 1677 3001 navigando
1706 2968 1889 3000 Aquilegiam
1917 2968 2049 2992 accedere
2073 2967 2234 2996 festinavit,
2310 2966 2320 3014 ’ἒ

481 3008 492 3025 ³
514 3012 594 3039 Idem,
614 3012 675 3036 Lib.
695 3011 744 3041 111,
763 3012 810 3036 tlt.
830 3019 881 3036 Lxx
904 3012 917 3026 ‘⁴
929 3013 971 3036 De
984 3013 1095 3036 honore
1108 3012 1230 3036 militari
1246 3014 1284 3037 iu·
1343 3013 1516 3037 “locuturus
1535 3020 1598 3036 cum
1613 3013 1786 3036 Alamannie
1800 3010 1981 3044 principibus
1991 3019 2021 3042 „3
2036 3011 2154 3034 Annales
2167 3010 2233 3034 Pla·
2265 3014 2295 3042 ις
2309 2997 2318 3029 3.

396 3050 407 3063 “
421 3051 493 3076 dicis
512 3054 538 3076 et
564 3054 669 3077 notarii
682 3071 707 3085 η.
1341 3055 1447 3084 centini,
1467 3055 1522 3080 loc.
1541 3055 1600 3080 cit..
2313 3046 2320 3058 '⁴
