<?xml version="1.0" encoding="UTF-8"?>
<!DOCTYPE html PUBLIC "-//W3C//DTD XHTML 1.0 Transitional//EN"
    "http://www.w3.org/TR/xhtml1/DTD/xhtml1-transitional.dtd">
<html xmlns="http://www.w3.org/1999/xhtml" xml:lang="en" lang="en">
 <head>
  <title>
</title>
<meta http-equiv="Content-Type" content="text/html;charset=utf-8" />
  <meta name='ocr-system' content='tesseract 3.04.00' />
  <meta name='ocr-capabilities' content='ocr_page ocr_carea ocr_par ocr_line ocrx_word'/>
</head>
<body>
  <div class='ocr_page' id='page_1' title='image "./rerumitalicarums72murauoft_0118.png"; bbox 0 0 2320 3444; ppageno 0'>
   <div class='ocr_carea' id='block_1_1' title="bbox 373 215 2205 274">
    <p class='ocr_par' dir='ltr' id='par_1_1' title="bbox 373 215 2205 274">
     <span class='ocr_line' id='line_1_1' title="bbox 373 215 2205 274; baseline -0.006 0"><span class='ocrx_word' id='word_1_1' title='bbox 373 240 420 274; x_wconf 87' lang='lat'>42</span> <span class='ocrx_word' id='word_1_2' title='bbox 829 234 1103 271; x_wconf 86' lang='lat' dir='ltr'>RYCCARDI</span> <span class='ocrx_word' id='word_1_3' title='bbox 1131 233 1202 269; x_wconf 88' lang='lat' dir='ltr'>DE</span> <span class='ocrx_word' id='word_1_4' title='bbox 1230 232 1443 270; x_wconf 81' lang='lat' dir='ltr'>SANCTo</span> <span class='ocrx_word' id='word_1_5' title='bbox 1472 215 1740 267; x_wconf 67' lang='lat' dir='ltr'>G‘ERMANO</span> <span class='ocrx_word' id='word_1_6' title='bbox 2038 234 2089 269; x_wconf 70' lang='grc' dir='ltr'>[Α.</span> <span class='ocrx_word' id='word_1_7' title='bbox 2110 236 2205 270; x_wconf 79' lang='lat'><strong>1212]</strong></span> 
     </span>
    </p>
   </div>
   <div class='ocr_carea' id='block_1_2' title="bbox 198 366 2209 2702">
    <p class='ocr_par' dir='ltr' id='par_1_2' title="bbox 372 366 1311 676">
     <span class='ocr_line' id='line_1_2' title="bbox 375 366 1204 410; baseline -0.006 -8"><span class='ocrx_word' id='word_1_8' title='bbox 375 369 558 402; x_wconf 81' lang='lat' dir='ltr'>“exercitu</span> <span class='ocrx_word' id='word_1_9' title='bbox 588 374 699 401; x_wconf 84' lang='lat' dir='ltr'>autem</span> <span class='ocrx_word' id='word_1_10' title='bbox 729 367 880 407; x_wconf 79' lang='lat' dir='ltr'>Domini,</span> <span class='ocrx_word' id='word_1_11' title='bbox 909 367 1002 410; x_wconf 90' lang='lat' dir='ltr'>quod</span> <span class='ocrx_word' id='word_1_12' title='bbox 1032 376 1102 399; x_wconf 91' lang='lat' dir='ltr'>non</span> <span class='ocrx_word' id='word_1_13' title='bbox 1131 366 1204 398; x_wconf 88' lang='lat' dir='ltr'>sine</span> 
     </span>
     <span class='ocr_line' id='line_1_3' title="bbox 374 419 1207 466; baseline -0.006 -11"><span class='ocrx_word' id='word_1_14' title='bbox 374 422 525 466; x_wconf 85' lang='lat' dir='ltr'>“grandi</span> <span class='ocrx_word' id='word_1_15' title='bbox 547 422 731 465; x_wconf 85' lang='lat' dir='ltr'>gratiarum</span> <span class='ocrx_word' id='word_1_16' title='bbox 756 421 894 452; x_wconf 88' lang='lat' dir='ltr'>actione</span> <span class='ocrx_word' id='word_1_17' title='bbox 916 419 1129 452; x_wconf 89' lang='lat' dir='ltr'>recitandum</span> <span class='ocrx_word' id='word_1_18' title='bbox 1146 424 1207 458; x_wconf 88' lang='lat' dir='ltr'>est,</span> 
     </span>
     <span class='ocr_line' id='line_1_4' title="bbox 372 471 1209 518; baseline -0.005 -11"><span class='ocrx_word' id='word_1_19' title='bbox 372 476 387 492; x_wconf 78' lang='lat'>‘⁶</span> <span class='ocrx_word' id='word_1_20' title='bbox 401 482 435 508; x_wconf 91' lang='lat' dir='ltr'>et</span> <span class='ocrx_word' id='word_1_21' title='bbox 457 475 550 518; x_wconf 91' lang='lat' dir='ltr'>quod</span> <span class='ocrx_word' id='word_1_22' title='bbox 573 474 779 507; x_wconf 87' lang='lat' dir='ltr'>incredibile</span> <span class='ocrx_word' id='word_1_23' title='bbox 795 479 859 512; x_wconf 88' lang='lat' dir='ltr'>est,</span> <span class='ocrx_word' id='word_1_24' title='bbox 875 473 936 505; x_wconf 89' lang='lat' dir='ltr'>nisi</span> <span class='ocrx_word' id='word_1_25' title='bbox 954 472 1035 515; x_wconf 86' lang='lat' dir='ltr'>quia</span> <span class='ocrx_word' id='word_1_26' title='bbox 1051 471 1209 504; x_wconf 86' lang='lat' dir='ltr'>miraculi</span> 
     </span>
     <span class='ocr_line' id='line_1_5' title="bbox 373 524 1207 567; baseline -0.006 -6"><span class='ocrx_word' id='word_1_27' title='bbox 373 529 464 567; x_wconf 84' lang='lat' dir='ltr'>“est‚</span> <span class='ocrx_word' id='word_1_28' title='bbox 486 529 546 560; x_wconf 85' lang='lat' dir='ltr'>uix</span> <span class='ocrx_word' id='word_1_29' title='bbox 575 533 635 559; x_wconf 89' lang='lat' dir='ltr'>aut</span> <span class='ocrx_word' id='word_1_30' title='bbox 663 536 739 559; x_wconf 85' lang='lat' dir='ltr'>xxv</span> <span class='ocrx_word' id='word_1_31' title='bbox 769 533 826 559; x_wconf 88' lang='lat' dir='ltr'>aut</span> <span class='ocrx_word' id='word_1_32' title='bbox 849 536 925 558; x_wconf 90' lang='lat' dir='ltr'>xxx</span> <span class='ocrx_word' id='word_1_33' title='bbox 951 524 1139 558; x_wconf 82' lang='lat' dir='ltr'>Christiani</span> <span class='ocrx_word' id='word_1_34' title='bbox 1163 526 1207 557; x_wconf 88' lang='lat' dir='ltr'>de</span> 
     </span>
     <span class='ocr_line' id='line_1_6' title="bbox 374 579 1311 621; baseline -0.005 -7"><span class='ocrx_word' id='word_1_35' title='bbox 374 583 519 614; x_wconf 81' lang='lat' dir='ltr'>“nostro</span> <span class='ocrx_word' id='word_1_36' title='bbox 553 581 706 613; x_wconf 84' lang='lat' dir='ltr'>exercitu</span> <span class='ocrx_word' id='word_1_37' title='bbox 733 580 980 612; x_wconf 86' lang='lat' dir='ltr'>occubuerunt.</span> <span class='ocrx_word' id='word_1_38' title='bbox 1025 579 1056 611; x_wconf 95' lang='lat' dir='ltr'>O</span> <span class='ocrx_word' id='word_1_39' title='bbox 1079 583 1208 621; x_wconf 90' lang='lat' dir='ltr'>quanta</span> <span class='ocrx_word' id='word_1_40' title='bbox 1293 579 1311 610; x_wconf 90' lang='lat'><strong>5</strong></span> 
     </span>
     <span class='ocr_line' id='line_1_7' title="bbox 374 631 1209 676; baseline -0.006 -8"><span class='ocrx_word' id='word_1_41' title='bbox 374 634 531 668; x_wconf 82' lang='lat' dir='ltr'>“letitial</span> <span class='ocrx_word' id='word_1_42' title='bbox 555 634 586 666; x_wconf 94' lang='lat' dir='ltr'>O</span> <span class='ocrx_word' id='word_1_43' title='bbox 609 640 692 676; x_wconf 90' lang='lat' dir='ltr'>quot</span> <span class='ocrx_word' id='word_1_44' title='bbox 713 632 899 676; x_wconf 87' lang='lat' dir='ltr'>gratiarum</span> <span class='ocrx_word' id='word_1_45' title='bbox 932 631 1103 665; x_wconf 86' lang='lat' dir='ltr'>actionesl</span> <span class='ocrx_word' id='word_1_46' title='bbox 1132 631 1209 664; x_wconf 89' lang='lat' dir='ltr'>Nisi</span> 
     </span>
    </p>

    <p class='ocr_par' dir='ltr' id='par_1_3' title="bbox 198 684 2209 2702">
     <span class='ocr_line' id='line_1_8' title="bbox 198 684 1210 729; baseline -0.007 -6"><span class='ocrx_word' id='word_1_47' title='bbox 198 707 219 723; x_wconf 79' lang='lat' dir='ltr'>c.</span> <span class='ocrx_word' id='word_1_48' title='bbox 232 708 291 723; x_wconf 83' lang='lat' dir='ltr'>mv</span> <span class='ocrx_word' id='word_1_49' title='bbox 374 690 389 706; x_wconf 78' lang='lat'>⁴⁶</span> <span class='ocrx_word' id='word_1_50' title='bbox 402 688 468 720; x_wconf 93' lang='lat' dir='ltr'>hoc</span> <span class='ocrx_word' id='word_1_51' title='bbox 491 687 677 719; x_wconf 90' lang='lat' dir='ltr'>dolendum</span> <span class='ocrx_word' id='word_1_52' title='bbox 693 686 747 728; x_wconf 87' lang='lat' dir='ltr'>sit,</span> <span class='ocrx_word' id='word_1_53' title='bbox 763 686 857 729; x_wconf 91' lang='lat' dir='ltr'>quod</span> <span class='ocrx_word' id='word_1_54' title='bbox 879 691 947 718; x_wconf 87' lang='lat' dir='ltr'>tam</span> <span class='ocrx_word' id='word_1_55' title='bbox 962 684 1076 727; x_wconf 91' lang='lat' dir='ltr'>pauci&#39;</span> <span class='ocrx_word' id='word_1_56' title='bbox 1091 685 1210 717; x_wconf 88' lang='lat' dir='ltr'>marti-</span> 
     </span>
     <span class='ocr_line' id='line_1_9' title="bbox 373 737 1208 772; baseline -0.004 0"><span class='ocrx_word' id='word_1_57' title='bbox 373 740 387 757; x_wconf 87' lang='lat'>“</span> <span class='ocrx_word' id='word_1_58' title='bbox 402 750 458 772; x_wconf 91' lang='lat' dir='ltr'>res</span> <span class='ocrx_word' id='word_1_59' title='bbox 480 740 524 772; x_wconf 90' lang='lat' dir='ltr'>de</span> <span class='ocrx_word' id='word_1_60' title='bbox 547 745 643 772; x_wconf 84' lang='lat' dir='ltr'>tanto</span> <span class='ocrx_word' id='word_1_61' title='bbox 667 739 819 771; x_wconf 86' lang='lat' dir='ltr'>exercitu</span> <span class='ocrx_word' id='word_1_62' title='bbox 835 739 881 770; x_wconf 89' lang='lat' dir='ltr'>ad</span> <span class='ocrx_word' id='word_1_63' title='bbox 896 737 1073 771; x_wconf 83' lang='lat' dir='ltr'>Christum</span> <span class='ocrx_word' id='word_1_64' title='bbox 1089 737 1208 771; x_wconf 85' lang='lat' dir='ltr'>marti-</span> 
     </span>
     <span class='ocr_line' id='line_1_10' title="bbox 374 792 1207 836; baseline -0.004 -10"><span class='ocrx_word' id='word_1_65' title='bbox 374 796 388 812; x_wconf 86' lang='lat'>“</span> <span class='ocrx_word' id='word_1_66' title='bbox 402 795 453 826; x_wconf 90' lang='lat' dir='ltr'>rio</span> <span class='ocrx_word' id='word_1_67' title='bbox 469 798 713 836; x_wconf 87' lang='lat' dir='ltr'>peruenerunt.</span> <span class='ocrx_word' id='word_1_68' title='bbox 752 792 801 826; x_wconf 87' lang='lat' dir='ltr'>Ut</span> <span class='ocrx_word' id='word_1_69' title='bbox 816 797 930 824; x_wconf 88' lang='lat' dir='ltr'>autem</span> <span class='ocrx_word' id='word_1_70' title='bbox 947 801 1073 834; x_wconf 89' lang='lat' dir='ltr'>magna</span> <span class='ocrx_word' id='word_1_71' title='bbox 1089 801 1207 824; x_wconf 88' lang='lat' dir='ltr'>eorum</span> 
     </span>
     <span class='ocr_line' id='line_1_11' title="bbox 374 845 1314 885; baseline -0.003 -6"><span class='ocrx_word' id='word_1_72' title='bbox 374 849 389 865; x_wconf 78' lang='lat'>‘⁶</span> <span class='ocrx_word' id='word_1_73' title='bbox 402 846 584 879; x_wconf 89' lang='lat' dir='ltr'>multitudo</span> <span class='ocrx_word' id='word_1_74' title='bbox 608 845 782 885; x_wconf 82' lang='lat' dir='ltr'>credatur,</span> <span class='ocrx_word' id='word_1_75' title='bbox 805 855 883 877; x_wconf 89' lang='lat' dir='ltr'>cum</span> <span class='ocrx_word' id='word_1_76' title='bbox 901 845 1075 877; x_wconf 87' lang='lat' dir='ltr'>exercitus</span> <span class='ocrx_word' id='word_1_77' title='bbox 1091 849 1208 876; x_wconf 87' lang='lat' dir='ltr'>noster</span> <span class='ocrx_word' id='word_1_78' title='bbox 1274 845 1314 876; x_wconf 88' lang='lat'>10</span> 
     </span>
     <span class='ocr_line' id='line_1_12' title="bbox 373 896 1207 940; baseline -0.004 -9"><span class='ocrx_word' id='word_1_79' title='bbox 373 899 434 931; x_wconf 86' lang='lat' dir='ltr'>“in</span> <span class='ocrx_word' id='word_1_80' title='bbox 458 899 580 932; x_wconf 88' lang='lat' dir='ltr'>castris</span> <span class='ocrx_word' id='word_1_81' title='bbox 603 909 722 931; x_wconf 86' lang='lat' dir='ltr'>eorum</span> <span class='ocrx_word' id='word_1_82' title='bbox 744 903 822 940; x_wconf 89' lang='lat' dir='ltr'>post</span> <span class='ocrx_word' id='word_1_83' title='bbox 844 898 971 930; x_wconf 87' lang='lat' dir='ltr'>bellum</span> <span class='ocrx_word' id='word_1_84' title='bbox 987 908 1050 940; x_wconf 87' lang='lat' dir='ltr'>per</span> <span class='ocrx_word' id='word_1_85' title='bbox 1065 896 1207 930; x_wconf 89' lang='lat' dir='ltr'>biduum</span> 
     </span>
     <span class='ocr_line' id='line_1_13' title="bbox 373 950 1208 995; baseline -0.004 -10"><span class='ocrx_word' id='word_1_86' title='bbox 373 953 524 985; x_wconf 80' lang='lat' dir='ltr'>“fecerit</span> <span class='ocrx_word' id='word_1_87' title='bbox 546 962 688 991; x_wconf 88' lang='lat' dir='ltr'>moram,</span> <span class='ocrx_word' id='word_1_88' title='bbox 711 952 756 984; x_wconf 87' lang='lat' dir='ltr'>ad</span> <span class='ocrx_word' id='word_1_89' title='bbox 778 952 892 984; x_wconf 85' lang='lat' dir='ltr'>omnia</span> <span class='ocrx_word' id='word_1_90' title='bbox 915 961 981 995; x_wconf 91' lang='lat' dir='ltr'>que</span> <span class='ocrx_word' id='word_1_91' title='bbox 1011 950 1208 983; x_wconf 87' lang='lat' dir='ltr'>necessaria</span> 
     </span>
     <span class='ocr_line' id='line_1_14' title="bbox 371 1004 1207 1048; baseline -0.004 -9"><span class='ocrx_word' id='word_1_92' title='bbox 371 1006 386 1023; x_wconf 83' lang='lat'>“</span> <span class='ocrx_word' id='word_1_93' title='bbox 400 1012 497 1039; x_wconf 88' lang='lat' dir='ltr'>erant</span> <span class='ocrx_word' id='word_1_94' title='bbox 519 1017 582 1048; x_wconf 93' lang='lat' dir='ltr'>pro</span> <span class='ocrx_word' id='word_1_95' title='bbox 605 1005 797 1048; x_wconf 84' lang='lat' dir='ltr'>coquendis</span> <span class='ocrx_word' id='word_1_96' title='bbox 819 1005 917 1043; x_wconf 86' lang='lat' dir='ltr'>cibis,</span> <span class='ocrx_word' id='word_1_97' title='bbox 940 1014 1031 1048; x_wconf 85' lang='lat' dir='ltr'>pane</span> <span class='ocrx_word' id='word_1_98' title='bbox 1062 1010 1098 1036; x_wconf 89' lang='lat' dir='ltr'>et</span> <span class='ocrx_word' id='word_1_99' title='bbox 1121 1004 1207 1047; x_wconf 82' lang='lat' dir='ltr'>aliis,</span> 
     </span>
     <span class='ocr_line' id='line_1_15' title="bbox 372 1057 1208 1102; baseline -0.002 -10"><span class='ocrx_word' id='word_1_100' title='bbox 372 1062 386 1078; x_wconf 88' lang='lat'>“</span> <span class='ocrx_word' id='word_1_101' title='bbox 398 1070 469 1092; x_wconf 91' lang='lat' dir='ltr'>non</span> <span class='ocrx_word' id='word_1_102' title='bbox 491 1059 723 1092; x_wconf 86' lang='lat' dir='ltr'>incenderunt</span> <span class='ocrx_word' id='word_1_103' title='bbox 740 1058 808 1091; x_wconf 86' lang='lat' dir='ltr'>alia</span> <span class='ocrx_word' id='word_1_104' title='bbox 824 1058 918 1102; x_wconf 87' lang='lat' dir='ltr'>ligna</span> <span class='ocrx_word' id='word_1_105' title='bbox 933 1058 998 1090; x_wconf 91' lang='lat' dir='ltr'>nisi</span> <span class='ocrx_word' id='word_1_106' title='bbox 1014 1058 1059 1091; x_wconf 92' lang='lat' dir='ltr'>de</span> <span class='ocrx_word' id='word_1_107' title='bbox 1074 1057 1208 1102; x_wconf 83' lang='lat' dir='ltr'>sagittis</span> 
     </span>
     <span class='ocr_line' id='line_1_16' title="bbox 370 1111 1312 1154; baseline -0.002 -8"><span class='ocrx_word' id='word_1_108' title='bbox 370 1113 431 1146; x_wconf 82' lang='lat' dir='ltr'>“et</span> <span class='ocrx_word' id='word_1_109' title='bbox 452 1112 584 1145; x_wconf 86' lang='lat' dir='ltr'>lanceis</span> <span class='ocrx_word' id='word_1_110' title='bbox 609 1122 728 1144; x_wconf 90' lang='lat' dir='ltr'>eorum</span> <span class='ocrx_word' id='word_1_111' title='bbox 751 1112 811 1154; x_wconf 92' lang='lat' dir='ltr'>qui</span> <span class='ocrx_word' id='word_1_112' title='bbox 833 1116 1082 1150; x_wconf 87' lang='lat' dir='ltr'>remanserunt,</span> <span class='ocrx_word' id='word_1_113' title='bbox 1099 1116 1134 1144; x_wconf 89' lang='lat' dir='ltr'>et</span> <span class='ocrx_word' id='word_1_114' title='bbox 1149 1111 1208 1143; x_wconf 84' lang='lat' dir='ltr'>uix</span> <span class='ocrx_word' id='word_1_115' title='bbox 1274 1111 1312 1144; x_wconf 87' lang='lat'>15</span> 
     </span>
     <span class='ocr_line' id='line_1_17' title="bbox 372 1165 1207 1209; baseline -0.004 -10"><span class='ocrx_word' id='word_1_116' title='bbox 372 1169 586 1209; x_wconf 84' lang='lat' dir='ltr'>“potuerunt</span> <span class='ocrx_word' id='word_1_117' title='bbox 607 1165 811 1198; x_wconf 85' lang='lat' dir='ltr'>comburere</span> <span class='ocrx_word' id='word_1_118' title='bbox 834 1165 1067 1198; x_wconf 86' lang='lat' dir='ltr'>medietatem.</span> <span class='ocrx_word' id='word_1_119' title='bbox 1105 1165 1207 1198; x_wconf 93' lang='lat' dir='ltr'>Cum·</span> 
     </span>
     <span class='ocr_line' id='line_1_18' title="bbox 372 1218 1206 1263; baseline -0.001 -12"><span class='ocrx_word' id='word_1_120' title='bbox 372 1221 386 1238; x_wconf 76' lang='lat'>‘⁴</span> <span class='ocrx_word' id='word_1_121' title='bbox 399 1230 466 1263; x_wconf 90' lang='lat' dir='ltr'>que</span> <span class='ocrx_word' id='word_1_122' title='bbox 489 1219 556 1251; x_wconf 93' lang='lat' dir='ltr'>Dei</span> <span class='ocrx_word' id='word_1_123' title='bbox 573 1218 748 1251; x_wconf 87' lang='lat' dir='ltr'>exercitus</span> <span class='ocrx_word' id='word_1_124' title='bbox 764 1225 906 1262; x_wconf 86' lang='lat' dir='ltr'>propter</span> <span class='ocrx_word' id='word_1_125' title='bbox 921 1218 1061 1262; x_wconf 88' lang='lat' dir='ltr'>longam</span> <span class='ocrx_word' id='word_1_126' title='bbox 1076 1228 1206 1251; x_wconf 87' lang='lat' dir='ltr'>moram</span> 
     </span>
     <span class='ocr_line' id='line_1_19' title="bbox 372 1271 1209 1305; baseline -0.002 0"><span class='ocrx_word' id='word_1_127' title='bbox 372 1274 387 1290; x_wconf 87' lang='lat'>“</span> <span class='ocrx_word' id='word_1_128' title='bbox 399 1273 531 1305; x_wconf 78' lang='lat' dir='ltr'>factam</span> <span class='ocrx_word' id='word_1_129' title='bbox 546 1273 581 1304; x_wconf 89' lang='lat' dir='ltr'>in</span> <span class='ocrx_word' id='word_1_130' title='bbox 596 1271 683 1304; x_wconf 90' lang='lat' dir='ltr'>locis</span> <span class='ocrx_word' id='word_1_131' title='bbox 698 1271 819 1304; x_wconf 86' lang='lat' dir='ltr'>hiemis</span> <span class='ocrx_word' id='word_1_132' title='bbox 842 1277 876 1304; x_wconf 89' lang='lat' dir='ltr'>et</span> <span class='ocrx_word' id='word_1_133' title='bbox 891 1271 1030 1304; x_wconf 87' lang='lat' dir='ltr'>incultis</span> <span class='ocrx_word' id='word_1_134' title='bbox 1046 1271 1209 1304; x_wconf 88' lang='lat' dir='ltr'>deficeret</span> 
     </span>
     <span class='ocr_line' id='line_1_20' title="bbox 373 1324 1205 1365; baseline -0.002 -7"><span class='ocrx_word' id='word_1_135' title='bbox 373 1327 435 1359; x_wconf 89' lang='lat' dir='ltr'>“in</span> <span class='ocrx_word' id='word_1_136' title='bbox 473 1325 680 1358; x_wconf 87' lang='lat' dir='ltr'>uictualibus</span> <span class='ocrx_word' id='word_1_137' title='bbox 717 1330 751 1357; x_wconf 87' lang='lat' dir='ltr'>et</span> <span class='ocrx_word' id='word_1_138' title='bbox 785 1325 872 1365; x_wconf 89' lang='lat' dir='ltr'>aliis,</span> <span class='ocrx_word' id='word_1_139' title='bbox 908 1324 1036 1357; x_wconf 88' lang='lat' dir='ltr'>ibidem</span> <span class='ocrx_word' id='word_1_140' title='bbox 1076 1330 1205 1358; x_wconf 80' lang='lat' dir='ltr'>tantam</span> 
     </span>
     <span class='ocr_line' id='line_1_21' title="bbox 370 1378 1313 1421; baseline 0.001 -9"><span class='ocrx_word' id='word_1_141' title='bbox 370 1379 607 1412; x_wconf 88' lang='lat' dir='ltr'>“inuenerunt</span> <span class='ocrx_word' id='word_1_142' title='bbox 629 1385 698 1411; x_wconf 89' lang='lat' dir='ltr'>tam</span> <span class='ocrx_word' id='word_1_143' title='bbox 721 1378 877 1411; x_wconf 90' lang='lat' dir='ltr'>ciborum</span> <span class='ocrx_word' id='word_1_144' title='bbox 901 1389 1003 1421; x_wconf 87' lang='lat' dir='ltr'>quam</span> <span class='ocrx_word' id='word_1_145' title='bbox 1036 1389 1206 1411; x_wconf 88' lang='lat' dir='ltr'>armorum</span> <span class='ocrx_word' id='word_1_146' title='bbox 1270 1382 1313 1413; x_wconf 86' lang='lat'>20</span> 
     </span>
     <span class='ocr_line' id='line_1_22' title="bbox 373 1431 1206 1466; baseline -0.002 -1"><span class='ocrx_word' id='word_1_147' title='bbox 373 1434 387 1451; x_wconf 76' lang='lat'>‘⁴</span> <span class='ocrx_word' id='word_1_148' title='bbox 401 1443 466 1466; x_wconf 88' lang='lat' dir='ltr'>nec</span> <span class='ocrx_word' id='word_1_149' title='bbox 490 1442 559 1465; x_wconf 85' lang='lat' dir='ltr'>non</span> <span class='ocrx_word' id='word_1_150' title='bbox 583 1432 835 1464; x_wconf 85' lang='lat' dir='ltr'>dextrariorum</span> <span class='ocrx_word' id='word_1_151' title='bbox 858 1437 893 1464; x_wconf 92' lang='lat' dir='ltr'>et</span> <span class='ocrx_word' id='word_1_152' title='bbox 916 1431 1060 1463; x_wconf 90' lang='lat' dir='ltr'>aliorum</span> <span class='ocrx_word' id='word_1_153' title='bbox 1075 1432 1206 1464; x_wconf 89' lang='lat' dir='ltr'>iumen-</span> 
     </span>
     <span class='ocr_line' id='line_1_23' title="bbox 374 1484 1207 1528; baseline -0.002 -10"><span class='ocrx_word' id='word_1_154' title='bbox 374 1488 388 1503; x_wconf 79' lang='lat'>“</span> <span class='ocrx_word' id='word_1_155' title='bbox 400 1492 514 1519; x_wconf 89' lang='lat' dir='ltr'>torum</span> <span class='ocrx_word' id='word_1_156' title='bbox 530 1485 678 1528; x_wconf 88' lang='lat' dir='ltr'>copiam,</span> <span class='ocrx_word' id='word_1_157' title='bbox 691 1485 784 1528; x_wconf 92' lang='lat' dir='ltr'>quod</span> <span class='ocrx_word' id='word_1_158' title='bbox 799 1484 1012 1527; x_wconf 86' lang='lat' dir='ltr'>accipientes</span> <span class='ocrx_word' id='word_1_159' title='bbox 1026 1485 1207 1528; x_wconf 88' lang='lat' dir='ltr'>unusquis-</span> 
     </span>
     <span class='ocr_line' id='line_1_24' title="bbox 373 1538 2209 1583; baseline -0.001 -12"><span class='ocrx_word' id='word_1_160' title='bbox 373 1542 388 1558; x_wconf 82' lang='lat'>“</span> <span class='ocrx_word' id='word_1_161' title='bbox 400 1550 468 1583; x_wconf 88' lang='lat' dir='ltr'>que</span> <span class='ocrx_word' id='word_1_162' title='bbox 490 1540 536 1572; x_wconf 89' lang='lat' dir='ltr'>ad</span> <span class='ocrx_word' id='word_1_163' title='bbox 558 1550 653 1572; x_wconf 86' lang='lat' dir='ltr'>suam</span> <span class='ocrx_word' id='word_1_164' title='bbox 670 1539 715 1572; x_wconf 90' lang='lat' dir='ltr'>de</span> <span class='ocrx_word' id='word_1_165' title='bbox 730 1538 796 1571; x_wconf 87' lang='lat' dir='ltr'>hiis</span> <span class='ocrx_word' id='word_1_166' title='bbox 811 1538 968 1571; x_wconf 80' lang='lat' dir='ltr'>omnibus</span> <span class='ocrx_word' id='word_1_167' title='bbox 983 1539 1208 1578; x_wconf 84' lang='lat' dir='ltr'>uoluntatem,</span> <span class='ocrx_word' id='word_1_168' title='bbox 2192 1551 2209 1570; x_wconf 64' lang='grc' dir='ltr'><strong><em>ι</em></strong></span> 
     </span>
     <span class='ocr_line' id='line_1_25' title="bbox 373 1591 1208 1636; baseline -0.001 -11"><span class='ocrx_word' id='word_1_169' title='bbox 373 1594 388 1610; x_wconf 83' lang='grc'>“</span> <span class='ocrx_word' id='word_1_170' title='bbox 400 1593 476 1636; x_wconf 88' lang='lat' dir='ltr'>plus</span> <span class='ocrx_word' id='word_1_171' title='bbox 497 1592 626 1625; x_wconf 88' lang='lat' dir='ltr'>ibidem</span> <span class='ocrx_word' id='word_1_172' title='bbox 650 1592 852 1624; x_wconf 87' lang='lat' dir='ltr'>dimiserunt</span> <span class='ocrx_word' id='word_1_173' title='bbox 874 1603 919 1624; x_wconf 84' lang='lat' dir='ltr'>ex</span> <span class='ocrx_word' id='word_1_174' title='bbox 934 1602 1060 1634; x_wconf 86' lang='lat' dir='ltr'>magna</span> <span class='ocrx_word' id='word_1_175' title='bbox 1074 1591 1208 1624; x_wconf 87' lang='lat' dir='ltr'>habun-</span> 
     </span>
     <span class='ocr_line' id='line_1_26' title="bbox 373 1644 1312 1689; baseline 0.003 -11"><span class='ocrx_word' id='word_1_176' title='bbox 373 1648 388 1664; x_wconf 86' lang='lat'>“</span> <span class='ocrx_word' id='word_1_177' title='bbox 401 1646 527 1685; x_wconf 87' lang='lat' dir='ltr'>dantia,</span> <span class='ocrx_word' id='word_1_178' title='bbox 544 1657 646 1689; x_wconf 89' lang='lat' dir='ltr'>quam</span> <span class='ocrx_word' id='word_1_179' title='bbox 663 1651 842 1688; x_wconf 84' lang='lat' dir='ltr'>ceperunt.</span> <span class='ocrx_word' id='word_1_180' title='bbox 879 1644 1001 1678; x_wconf 84' lang='lat' dir='ltr'>Tertio</span> <span class='ocrx_word' id='word_1_181' title='bbox 1018 1652 1134 1678; x_wconf 86' lang='lat' dir='ltr'>autem</span> <span class='ocrx_word' id='word_1_182' title='bbox 1150 1646 1207 1679; x_wconf 84' lang='lat' dir='ltr'>die</span> <span class='ocrx_word' id='word_1_183' title='bbox 1271 1648 1312 1681; x_wconf 88' lang='lat'>25</span> 
     </span>
     <span class='ocr_line' id='line_1_27' title="bbox 370 1698 1207 1742; baseline -0.001 -10"><span class='ocrx_word' id='word_1_184' title='bbox 370 1699 384 1717; x_wconf 88' lang='lat'>“</span> <span class='ocrx_word' id='word_1_185' title='bbox 400 1699 631 1742; x_wconf 88' lang='lat' dir='ltr'>procedentes</span> <span class='ocrx_word' id='word_1_186' title='bbox 665 1699 711 1731; x_wconf 90' lang='lat' dir='ltr'>ad</span> <span class='ocrx_word' id='word_1_187' title='bbox 746 1698 894 1741; x_wconf 89' lang='lat' dir='ltr'>quedam</span> <span class='ocrx_word' id='word_1_188' title='bbox 930 1703 1044 1731; x_wconf 85' lang='lat' dir='ltr'>castra</span> <span class='ocrx_word' id='word_1_189' title='bbox 1078 1708 1207 1739; x_wconf 87' lang='lat' dir='ltr'>eorum,</span> 
     </span>
     <span class='ocr_line' id='line_1_28' title="bbox 372 1751 1208 1796; baseline 0.001 -11"><span class='ocrx_word' id='word_1_190' title='bbox 372 1752 534 1786; x_wconf 86' lang='lat' dir='ltr'>“scilicet</span> <span class='ocrx_word' id='word_1_191' title='bbox 556 1752 692 1791; x_wconf 91' lang='lat' dir='ltr'>Bilche‚</span> <span class='ocrx_word' id='word_1_192' title='bbox 715 1751 869 1784; x_wconf 87' lang='lat' dir='ltr'>Biannos</span> <span class='ocrx_word' id='word_1_193' title='bbox 892 1757 926 1784; x_wconf 90' lang='lat' dir='ltr'>et</span> <span class='ocrx_word' id='word_1_194' title='bbox 948 1752 1114 1785; x_wconf 84' lang='lat' dir='ltr'>Tolosam</span> <span class='ocrx_word' id='word_1_195' title='bbox 1141 1763 1208 1796; x_wconf 88' lang='lat' dir='ltr'>que</span> 
     </span>
     <span class='ocr_line' id='line_1_29' title="bbox 372 1805 1208 1849; baseline 0.001 -11"><span class='ocrx_word' id='word_1_196' title='bbox 372 1806 631 1839; x_wconf 84' lang='lat' dir='ltr'>“incontinenti</span> <span class='ocrx_word' id='word_1_197' title='bbox 646 1805 812 1849; x_wconf 89' lang='lat' dir='ltr'>cepimus,</span> <span class='ocrx_word' id='word_1_198' title='bbox 827 1806 970 1838; x_wconf 86' lang='lat' dir='ltr'>tandem</span> <span class='ocrx_word' id='word_1_199' title='bbox 986 1806 1208 1849; x_wconf 87' lang='lat' dir='ltr'>peruenimus</span> 
     </span>
     <span class='ocr_line' id='line_1_30' title="bbox 370 1859 1209 1902; baseline 0 -10"><span class='ocrx_word' id='word_1_200' title='bbox 370 1860 384 1877; x_wconf 88' lang='lat'>“</span> <span class='ocrx_word' id='word_1_201' title='bbox 399 1860 444 1892; x_wconf 89' lang='lat' dir='ltr'>ad</span> <span class='ocrx_word' id='word_1_202' title='bbox 467 1859 551 1892; x_wconf 87' lang='lat' dir='ltr'>alias</span> <span class='ocrx_word' id='word_1_203' title='bbox 574 1859 743 1898; x_wconf 83' lang='lat' dir='ltr'>ciuitates,</span> <span class='ocrx_word' id='word_1_204' title='bbox 766 1870 910 1902; x_wconf 85' lang='lat' dir='ltr'>quarum</span> <span class='ocrx_word' id='word_1_205' title='bbox 938 1859 1048 1893; x_wconf 84' lang='lat' dir='ltr'>altera</span> <span class='ocrx_word' id='word_1_206' title='bbox 1079 1859 1209 1893; x_wconf 85' lang='lat' dir='ltr'>dicitur</span> 
     </span>
     <span class='ocr_line' id='line_1_31' title="bbox 371 1911 1313 1956; baseline 0.002 -12"><span class='ocrx_word' id='word_1_207' title='bbox 371 1912 530 1951; x_wconf 86' lang='lat' dir='ltr'>“Biacia,</span> <span class='ocrx_word' id='word_1_208' title='bbox 561 1911 670 1945; x_wconf 85' lang='lat' dir='ltr'>altera</span> <span class='ocrx_word' id='word_1_209' title='bbox 699 1911 837 1952; x_wconf 88' lang='lat' dir='ltr'>Ubeda‚</span> <span class='ocrx_word' id='word_1_210' title='bbox 861 1913 985 1956; x_wconf 90' lang='lat' dir='ltr'>quibus</span> <span class='ocrx_word' id='word_1_211' title='bbox 1015 1923 1086 1946; x_wconf 85' lang='lat' dir='ltr'>non</span> <span class='ocrx_word' id='word_1_212' title='bbox 1108 1918 1208 1946; x_wconf 88' lang='lat' dir='ltr'>erant</span> <span class='ocrx_word' id='word_1_213' title='bbox 1271 1918 1313 1950; x_wconf 83' lang='lat'>30</span> 
     </span>
     <span class='ocr_line' id='line_1_32' title="bbox 370 1965 1209 2008; baseline 0.001 -10"><span class='ocrx_word' id='word_1_214' title='bbox 370 1966 384 1982; x_wconf 78' lang='lat'>‘⁶</span> <span class='ocrx_word' id='word_1_215' title='bbox 399 1966 546 1998; x_wconf 82' lang='lat' dir='ltr'>maiores</span> <span class='ocrx_word' id='word_1_216' title='bbox 568 1966 660 1998; x_wconf 83' lang='lat' dir='ltr'>citra</span> <span class='ocrx_word' id='word_1_217' title='bbox 682 1976 785 2004; x_wconf 88' lang='lat' dir='ltr'>mare,</span> <span class='ocrx_word' id='word_1_218' title='bbox 809 1972 927 2008; x_wconf 88' lang='lat' dir='ltr'>preter</span> <span class='ocrx_word' id='word_1_219' title='bbox 951 1965 1149 1999; x_wconf 86' lang='lat' dir='ltr'>Cordubam</span> <span class='ocrx_word' id='word_1_220' title='bbox 1174 1973 1209 1999; x_wconf 88' lang='lat' dir='ltr'>et</span> 
     </span>
     <span class='ocr_line' id='line_1_33' title="bbox 373 2017 1209 2063; baseline 0 -12"><span class='ocrx_word' id='word_1_221' title='bbox 373 2021 387 2036; x_wconf 78' lang='lat'>‘⁴</span> <span class='ocrx_word' id='word_1_222' title='bbox 400 2019 579 2063; x_wconf 88' lang='lat' dir='ltr'>Hyspalim</span> <span class='ocrx_word' id='word_1_223' title='bbox 594 2018 616 2057; x_wconf 92' lang='lat'>¹,</span> <span class='ocrx_word' id='word_1_224' title='bbox 640 2029 783 2062; x_wconf 87' lang='lat' dir='ltr'>quarum</span> <span class='ocrx_word' id='word_1_225' title='bbox 800 2019 954 2058; x_wconf 85' lang='lat' dir='ltr'>alteram,</span> <span class='ocrx_word' id='word_1_226' title='bbox 970 2018 1107 2052; x_wconf 90' lang='lat' dir='ltr'>scilicet</span> <span class='ocrx_word' id='word_1_227' title='bbox 1129 2017 1209 2051; x_wconf 88' lang='lat' dir='ltr'>Bia-</span> 
     </span>
     <span class='ocr_line' id='line_1_34' title="bbox 372 2072 1210 2114; baseline 0 -10"><span class='ocrx_word' id='word_1_228' title='bbox 372 2072 500 2110; x_wconf 84' lang='lat' dir='ltr'>“ciam,</span> <span class='ocrx_word' id='word_1_229' title='bbox 523 2072 718 2104; x_wconf 88' lang='lat' dir='ltr'>inuenimus</span> <span class='ocrx_word' id='word_1_230' title='bbox 741 2072 954 2106; x_wconf 84' lang='lat' dir='ltr'>destructam</span> <span class='ocrx_word' id='word_1_231' title='bbox 972 2072 1041 2114; x_wconf 86' lang='lat' dir='ltr'>[ad]</span> <span class='ocrx_word' id='word_1_232' title='bbox 1065 2073 1210 2105; x_wconf 82' lang='lat' dir='ltr'>alteram</span> 
     </span>
     <span class='ocr_line' id='line_1_35' title="bbox 370 2125 1212 2169; baseline 0.004 -12"><span class='ocrx_word' id='word_1_233' title='bbox 370 2126 385 2142; x_wconf 78' lang='lat'>⁴⁴</span> <span class='ocrx_word' id='word_1_234' title='bbox 399 2136 494 2165; x_wconf 88' lang='lat' dir='ltr'>uero,</span> <span class='ocrx_word' id='word_1_235' title='bbox 518 2126 656 2159; x_wconf 89' lang='lat' dir='ltr'>scilicet</span> <span class='ocrx_word' id='word_1_236' title='bbox 675 2125 837 2159; x_wconf 92' lang='lat' dir='ltr'>Ubedam</span> <span class='ocrx_word' id='word_1_237' title='bbox 850 2125 873 2165; x_wconf 79' lang='lat'>²,</span> <span class='ocrx_word' id='word_1_238' title='bbox 896 2127 978 2169; x_wconf 87' lang='lat' dir='ltr'>quia</span> <span class='ocrx_word' id='word_1_239' title='bbox 993 2126 1062 2159; x_wconf 81' lang='lat' dir='ltr'>situ</span> <span class='ocrx_word' id='word_1_240' title='bbox 1085 2125 1154 2160; x_wconf 89' lang='lat' dir='ltr'>loci</span> <span class='ocrx_word' id='word_1_241' title='bbox 1177 2133 1212 2160; x_wconf 89' lang='lat' dir='ltr'>et</span> 
     </span>
     <span class='ocr_line' id='line_1_36' title="bbox 373 2179 1313 2223; baseline 0.001 -12"><span class='ocrx_word' id='word_1_242' title='bbox 373 2181 387 2197; x_wconf 77' lang='lat'>‘⁴</span> <span class='ocrx_word' id='word_1_243' title='bbox 401 2179 543 2211; x_wconf 87' lang='lat' dir='ltr'>artificio</span> <span class='ocrx_word' id='word_1_244' title='bbox 566 2180 754 2211; x_wconf 71' lang='lat' dir='ltr'>fortissima</span> <span class='ocrx_word' id='word_1_245' title='bbox 778 2185 865 2219; x_wconf 85' lang='lat' dir='ltr'>erat,</span> <span class='ocrx_word' id='word_1_246' title='bbox 891 2180 1101 2223; x_wconf 73' lang='lat' dir='ltr'>confugerat</span> <span class='ocrx_word' id='word_1_247' title='bbox 1123 2180 1210 2212; x_wconf 89' lang='lat' dir='ltr'>mul·</span> <span class='ocrx_word' id='word_1_248' title='bbox 1272 2183 1313 2218; x_wconf 88' lang='grc'>35</span> 
     </span>
     <span class='ocr_line' id='line_1_37' title="bbox 373 2232 1211 2266; baseline 0.002 -2"><span class='ocrx_word' id='word_1_249' title='bbox 373 2235 387 2250; x_wconf 89' lang='lat'>“</span> <span class='ocrx_word' id='word_1_250' title='bbox 402 2232 512 2265; x_wconf 85' lang='lat' dir='ltr'>titudo</span> <span class='ocrx_word' id='word_1_251' title='bbox 535 2233 711 2264; x_wconf 88' lang='lat' dir='ltr'>hominum</span> <span class='ocrx_word' id='word_1_252' title='bbox 734 2233 868 2265; x_wconf 88' lang='lat' dir='ltr'>infinita</span> <span class='ocrx_word' id='word_1_253' title='bbox 884 2243 926 2265; x_wconf 82' lang='lat' dir='ltr'>ex</span> <span class='ocrx_word' id='word_1_254' title='bbox 943 2233 1102 2266; x_wconf 88' lang='lat' dir='ltr'>omnibus</span> <span class='ocrx_word' id='word_1_255' title='bbox 1118 2234 1211 2266; x_wconf 90' lang='lat' dir='ltr'>uillis</span> 
     </span>
     <span class='ocr_line' id='line_1_38' title="bbox 371 2284 1210 2330; baseline 0.002 -13"><span class='ocrx_word' id='word_1_256' title='bbox 371 2284 647 2319; x_wconf 82' lang='lat' dir='ltr'>“adiacentibus.</span> <span class='ocrx_word' id='word_1_257' title='bbox 694 2286 782 2318; x_wconf 90' lang='lat' dir='ltr'>Cum</span> <span class='ocrx_word' id='word_1_258' title='bbox 812 2285 896 2318; x_wconf 89' lang='lat' dir='ltr'>uilla</span> <span class='ocrx_word' id='word_1_259' title='bbox 925 2287 1001 2329; x_wconf 83' lang='lat' dir='ltr'>ipsa</span> <span class='ocrx_word' id='word_1_260' title='bbox 1024 2297 1210 2330; x_wconf 90' lang='lat' dir='ltr'>numquam</span> 
     </span>
     <span class='ocr_line' id='line_1_39' title="bbox 373 2338 1209 2384; baseline 0.002 -14"><span class='ocrx_word' id='word_1_261' title='bbox 373 2338 444 2371; x_wconf 80' lang='lat' dir='ltr'>“ab</span> <span class='ocrx_word' id='word_1_262' title='bbox 466 2339 676 2381; x_wconf 87' lang='lat' dir='ltr'>imperatore</span> <span class='ocrx_word' id='word_1_263' title='bbox 699 2339 756 2371; x_wconf 91' lang='lat' dir='ltr'>uel</span> <span class='ocrx_word' id='word_1_264' title='bbox 787 2339 903 2382; x_wconf 84' lang='lat' dir='ltr'>aliquo</span> <span class='ocrx_word' id='word_1_265' title='bbox 931 2349 1049 2383; x_wconf 88' lang='lat' dir='ltr'>regum</span> <span class='ocrx_word' id='word_1_266' title='bbox 1073 2339 1209 2384; x_wconf 86' lang='lat' dir='ltr'>Hyspa-</span> 
     </span>
     <span class='ocr_line' id='line_1_40' title="bbox 373 2392 1210 2437; baseline 0.002 -13"><span class='ocrx_word' id='word_1_267' title='bbox 373 2393 456 2424; x_wconf 87' lang='lat' dir='ltr'>“nie</span> <span class='ocrx_word' id='word_1_268' title='bbox 479 2398 678 2435; x_wconf 85' lang='lat' dir='ltr'>expugnata</span> <span class='ocrx_word' id='word_1_269' title='bbox 700 2392 846 2425; x_wconf 91' lang='lat' dir='ltr'>sciretur</span> <span class='ocrx_word' id='word_1_270' title='bbox 874 2393 931 2425; x_wconf 90' lang='lat' dir='ltr'>uel</span> <span class='ocrx_word' id='word_1_271' title='bbox 955 2393 1149 2437; x_wconf 82' lang='lat' dir='ltr'>subiugata,</span> <span class='ocrx_word' id='word_1_272' title='bbox 1172 2393 1210 2426; x_wconf 93' lang='lat' dir='ltr'>in</span> 
     </span>
     <span class='ocr_line' id='line_1_41' title="bbox 372 2445 1314 2488; baseline 0.005 -11"><span class='ocrx_word' id='word_1_273' title='bbox 372 2447 386 2462; x_wconf 76' lang='lat'>‘⁴</span> <span class='ocrx_word' id='word_1_274' title='bbox 401 2445 522 2478; x_wconf 87' lang='lat' dir='ltr'>eadem</span> <span class='ocrx_word' id='word_1_275' title='bbox 546 2455 646 2487; x_wconf 86' lang='lat' dir='ltr'>posse</span> <span class='ocrx_word' id='word_1_276' title='bbox 670 2446 804 2478; x_wconf 82' lang='lat' dir='ltr'>saluare</span> <span class='ocrx_word' id='word_1_277' title='bbox 826 2456 887 2478; x_wconf 89' lang='lat' dir='ltr'>sua</span> <span class='ocrx_word' id='word_1_278' title='bbox 910 2456 1060 2488; x_wconf 89' lang='lat' dir='ltr'>corpora</span> <span class='ocrx_word' id='word_1_279' title='bbox 1082 2457 1117 2478; x_wconf 88' lang='lat' dir='ltr'>se</span> <span class='ocrx_word' id='word_1_280' title='bbox 1134 2457 1209 2479; x_wconf 87' lang='lat' dir='ltr'>cre-</span> <span class='ocrx_word' id='word_1_281' title='bbox 1273 2452 1314 2482; x_wconf 83' lang='lat'>40</span> 
     </span>
     <span class='ocr_line' id='line_1_42' title="bbox 370 2498 1209 2543; baseline 0.002 -13"><span class='ocrx_word' id='word_1_282' title='bbox 370 2498 539 2531; x_wconf 86' lang='lat' dir='ltr'>“debant.</span> <span class='ocrx_word' id='word_1_283' title='bbox 585 2498 646 2531; x_wconf 89' lang='lat' dir='ltr'>Set</span> <span class='ocrx_word' id='word_1_284' title='bbox 676 2504 711 2531; x_wconf 87' lang='lat' dir='ltr'>et</span> <span class='ocrx_word' id='word_1_285' title='bbox 741 2499 831 2532; x_wconf 79' lang='lat' dir='ltr'>hanc</span> <span class='ocrx_word' id='word_1_286' title='bbox 855 2499 921 2532; x_wconf 90' lang='lat' dir='ltr'>Dei</span> <span class='ocrx_word' id='word_1_287' title='bbox 943 2500 1057 2543; x_wconf 88' lang='lat' dir='ltr'>gratia</span> <span class='ocrx_word' id='word_1_288' title='bbox 1081 2510 1209 2543; x_wconf 88' lang='lat' dir='ltr'>coope-</span> 
     </span>
     <span class='ocr_line' id='line_1_43' title="bbox 371 2551 1208 2595; baseline 0.005 -13"><span class='ocrx_word' id='word_1_289' title='bbox 371 2551 385 2568; x_wconf 83' lang='lat'>“</span> <span class='ocrx_word' id='word_1_290' title='bbox 399 2557 507 2590; x_wconf 83' lang='lat' dir='ltr'>rante,</span> <span class='ocrx_word' id='word_1_291' title='bbox 530 2551 565 2583; x_wconf 86' lang='lat' dir='ltr'>in</span> <span class='ocrx_word' id='word_1_292' title='bbox 589 2551 685 2584; x_wconf 90' lang='lat' dir='ltr'>breui</span> <span class='ocrx_word' id='word_1_293' title='bbox 716 2552 870 2595; x_wconf 85' lang='lat' dir='ltr'>cepimus</span> <span class='ocrx_word' id='word_1_294' title='bbox 901 2557 936 2585; x_wconf 88' lang='lat' dir='ltr'>et</span> <span class='ocrx_word' id='word_1_295' title='bbox 967 2552 1125 2585; x_wconf 78' lang='lat' dir='ltr'>funditus</span> <span class='ocrx_word' id='word_1_296' title='bbox 1148 2554 1208 2586; x_wconf 90' lang='lat' dir='ltr'>de-</span> 
     </span>
     <span class='ocr_line' id='line_1_44' title="bbox 371 2604 1208 2648; baseline 0.002 -12"><span class='ocrx_word' id='word_1_297' title='bbox 371 2605 385 2620; x_wconf 83' lang='lat'>“</span> <span class='ocrx_word' id='word_1_298' title='bbox 400 2604 596 2643; x_wconf 84' lang='lat' dir='ltr'>struximus,</span> <span class='ocrx_word' id='word_1_299' title='bbox 630 2615 734 2647; x_wconf 90' lang='lat' dir='ltr'>quum</span> <span class='ocrx_word' id='word_1_300' title='bbox 769 2615 838 2638; x_wconf 90' lang='lat' dir='ltr'>non</span> <span class='ocrx_word' id='word_1_301' title='bbox 871 2616 1048 2648; x_wconf 89' lang='lat' dir='ltr'>possemus</span> <span class='ocrx_word' id='word_1_302' title='bbox 1078 2605 1208 2639; x_wconf 89' lang='lat' dir='ltr'>habere</span> 
     </span>
     <span class='ocr_line' id='line_1_45' title="bbox 373 2658 1210 2702; baseline 0.004 -13"><span class='ocrx_word' id='word_1_303' title='bbox 373 2659 387 2675; x_wconf 82' lang='lat'>“</span> <span class='ocrx_word' id='word_1_304' title='bbox 400 2663 530 2690; x_wconf 86' lang='lat' dir='ltr'>tantam</span> <span class='ocrx_word' id='word_1_305' title='bbox 553 2658 804 2691; x_wconf 84' lang='lat' dir='ltr'>multitudinem</span> <span class='ocrx_word' id='word_1_306' title='bbox 819 2659 973 2702; x_wconf 89' lang='lat' dir='ltr'>gentium</span> <span class='ocrx_word' id='word_1_307' title='bbox 989 2669 1056 2702; x_wconf 90' lang='lat' dir='ltr'>que</span> <span class='ocrx_word' id='word_1_308' title='bbox 1072 2659 1118 2692; x_wconf 90' lang='lat' dir='ltr'>ad</span> <span class='ocrx_word' id='word_1_309' title='bbox 1133 2659 1210 2692; x_wconf 88' lang='lat' dir='ltr'>illas</span> 
     </span>
    </p>
   </div>
   <div class='ocr_carea' id='block_1_3' title="bbox 370 2738 578 2742">
    <p class='ocr_par' dir='ltr' id='par_1_4' title="bbox 370 2738 578 2742">
     <span class='ocr_line' id='line_1_46' title="bbox 370 2738 578 2742; baseline 0 0"><span class='ocrx_word' id='word_1_310' title='bbox 370 2738 578 2742; x_wconf 95' lang='lat' dir='ltr'> </span> 
     </span>
    </p>
   </div>
   <div class='ocr_carea' id='block_1_4' title="bbox 457 2782 737 2815">
    <p class='ocr_par' dir='ltr' id='par_1_5' title="bbox 457 2782 737 2815">
     <span class='ocr_line' id='line_1_47' title="bbox 457 2782 737 2815; baseline 0.011 -9"><span class='ocrx_word' id='word_1_311' title='bbox 457 2789 498 2815; x_wconf 91' lang='lat'>27.</span> <span class='ocrx_word' id='word_1_312' title='bbox 518 2783 622 2808; x_wconf 77' lang='lat' dir='ltr'>Blanos</span> <span class='ocrx_word' id='word_1_313' title='bbox 641 2782 737 2809; x_wconf 71' lang='lat' dir='ltr'>Glmn.</span> 
     </span>
    </p>
   </div>
   <div class='ocr_carea' id='block_1_5' title="bbox 330 2899 2033 3063">
    <p class='ocr_par' dir='ltr' id='par_1_6' title="bbox 372 2899 2033 3018">
     <span class='ocr_line' id='line_1_48' title="bbox 372 2899 2033 2940; baseline 0.005 -16"><span class='ocrx_word' id='word_1_314' title='bbox 372 2899 418 2924; x_wconf 86' lang='lat' dir='ltr'>nel</span> <span class='ocrx_word' id='word_1_315' title='bbox 429 2907 511 2924; x_wconf 86' lang='lat' dir='ltr'>corso</span> <span class='ocrx_word' id='word_1_316' title='bbox 525 2900 554 2924; x_wconf 82' lang='lat' dir='ltr'>di</span> <span class='ocrx_word' id='word_1_317' title='bbox 568 2901 652 2933; x_wconf 85' lang='lat' dir='ltr'>pochi</span> <span class='ocrx_word' id='word_1_318' title='bbox 667 2901 787 2926; x_wconf 82' lang='lat' dir='ltr'>decenni</span> <span class='ocrx_word' id='word_1_319' title='bbox 800 2902 940 2927; x_wconf 81' lang='lat' dir='ltr'>condusse</span> <span class='ocrx_word' id='word_1_320' title='bbox 953 2902 1166 2936; x_wconf 81' lang='lat' dir='ltr'>all‘espulsione</span> <span class='ocrx_word' id='word_1_321' title='bbox 1179 2904 1260 2935; x_wconf 73' lang='lat' dir='ltr'>quasi</span> <span class='ocrx_word' id='word_1_322' title='bbox 1314 2904 1354 2929; x_wconf 89' lang='lat' dir='ltr'>de</span> <span class='ocrx_word' id='word_1_323' title='bbox 1376 2904 1461 2930; x_wconf 76' lang='lat' dir='ltr'>Cast</span> <span class='ocrx_word' id='word_1_324' title='bbox 1470 2905 1537 2930; x_wconf 78' lang='lat' dir='ltr'>illa</span> <span class='ocrx_word' id='word_1_325' title='bbox 1546 2924 1553 2935; x_wconf 94' lang='lat'>,</span> <span class='ocrx_word' id='word_1_326' title='bbox 1571 2905 1695 2936; x_wconf 77' lang='lat' dir='ltr'>Madrld,</span> <span class='ocrx_word' id='word_1_327' title='bbox 1718 2905 1794 2940; x_wconf 80' lang='lat'><strong>1783.</strong></span> <span class='ocrx_word' id='word_1_328' title='bbox 1812 2906 1859 2936; x_wconf 88' lang='lat' dir='ltr'>1v,</span> <span class='ocrx_word' id='word_1_329' title='bbox 1880 2911 2033 2932; x_wconf 70' lang='lat' dir='ltr'>evax-xxx.</span> 
     </span>
     <span class='ocr_line' id='line_1_49' title="bbox 372 2941 1815 2980; baseline 0.007 -16"><span class='ocrx_word' id='word_1_330' title='bbox 372 2941 461 2965; x_wconf 79' lang='lat' dir='ltr'>totale</span> <span class='ocrx_word' id='word_1_331' title='bbox 480 2941 527 2965; x_wconf 82' lang='lat' dir='ltr'>dei</span> <span class='ocrx_word' id='word_1_332' title='bbox 544 2942 732 2968; x_wconf 80' lang='lat' dir='ltr'>Mussulmanl</span> <span class='ocrx_word' id='word_1_333' title='bbox 752 2943 829 2968; x_wconf 85' lang='lat' dir='ltr'>dalla</span> <span class='ocrx_word' id='word_1_334' title='bbox 851 2943 973 2976; x_wconf 80' lang='lat' dir='ltr'>Spagna.</span> <span class='ocrx_word' id='word_1_335' title='bbox 1010 2943 1055 2970; x_wconf 82' lang='lat' dir='ltr'>cf.</span> <span class='ocrx_word' id='word_1_336' title='bbox 1077 2945 1204 2970; x_wconf 77' lang='lat' dir='ltr'>Historia</span> <span class='ocrx_word' id='word_1_337' title='bbox 1229 2946 1262 2970; x_wconf 76' lang='lat' dir='ltr'>de</span> <span class='ocrx_word' id='word_1_338' title='bbox 1404 2945 1411 2962; x_wconf 92' lang='lat'><strong>¹</strong></span> <span class='ocrx_word' id='word_1_339' title='bbox 1430 2946 1556 2980; x_wconf 78' lang='lat' dir='ltr'>Siviglla</span> <span class='ocrx_word' id='word_1_340' title='bbox 1576 2948 1815 2974; x_wconf 75' lang='lat' dir='ltr'>nell’Andalusia.</span> 
     </span>
     <span class='ocr_line' id='line_1_50' title="bbox 372 2984 1771 3018; baseline 0.006 -11"><span class='ocrx_word' id='word_1_341' title='bbox 372 2984 401 3007; x_wconf 86' lang='lat' dir='ltr'>la</span> <span class='ocrx_word' id='word_1_342' title='bbox 416 2991 492 3015; x_wconf 75' lang='lat' dir='ltr'>gran</span> <span class='ocrx_word' id='word_1_343' title='bbox 511 2985 614 3009; x_wconf 72' lang='lat' dir='ltr'>batalia</span> <span class='ocrx_word' id='word_1_344' title='bbox 634 2986 666 3009; x_wconf 81' lang='lat' dir='ltr'>de</span> <span class='ocrx_word' id='word_1_345' title='bbox 685 2987 726 3010; x_wconf 81' lang='lat' dir='ltr'>las</span> <span class='ocrx_word' id='word_1_346' title='bbox 744 2987 843 3011; x_wconf 86' lang='lat' dir='ltr'>Navas</span> <span class='ocrx_word' id='word_1_347' title='bbox 862 2987 895 3011; x_wconf 80' lang='lat' dir='ltr'>de</span> <span class='ocrx_word' id='word_1_348' title='bbox 926 2987 1029 3018; x_wconf 74' lang='lat' dir='ltr'>Tolosa,</span> <span class='ocrx_word' id='word_1_349' title='bbox 1055 2988 1084 3012; x_wconf 80' lang='lat' dir='ltr'>ln</span> <span class='ocrx_word' id='word_1_350' title='bbox 1111 2986 1261 3013; x_wconf 62' lang='lat' dir='ltr'>Collfic-</span> <span class='ocrx_word' id='word_1_351' title='bbox 1404 2987 1415 3005; x_wconf 78' lang='lat'><strong>²</strong></span> <span class='ocrx_word' id='word_1_352' title='bbox 1434 2990 1530 3015; x_wconf 85' lang='lat' dir='ltr'>Ubeda</span> <span class='ocrx_word' id='word_1_353' title='bbox 1550 2992 1580 3015; x_wconf 78' lang='lat' dir='ltr'>in</span> <span class='ocrx_word' id='word_1_354' title='bbox 1599 2991 1771 3016; x_wconf 73' lang='lat' dir='ltr'>Andalusla.</span> 
     </span>
    </p>

    <p class='ocr_par' dir='ltr' id='par_1_7' title="bbox 330 3025 1263 3063">
     <span class='ocr_line' id='line_1_51' title="bbox 330 3025 1263 3063; baseline 0.008 -15"><span class='ocrx_word' id='word_1_355' title='bbox 330 3029 344 3055; x_wconf 81' lang='grc'><strong><em>5</em></strong></span> <span class='ocrx_word' id='word_1_356' title='bbox 373 3025 458 3049; x_wconf 84' lang='lat' dir='ltr'>cion</span> <span class='ocrx_word' id='word_1_357' title='bbox 477 3026 590 3050; x_wconf 75' lang='lat' dir='ltr'>delas</span> <span class='ocrx_word' id='word_1_358' title='bbox 609 3027 789 3053; x_wconf 79' lang='lat' dir='ltr'>Cr6nlcas</span> <span class='ocrx_word' id='word_1_359' title='bbox 802 3037 820 3061; x_wconf 92' lang='lat' dir='ltr'>y</span> <span class='ocrx_word' id='word_1_360' title='bbox 833 3028 1027 3054; x_wconf 75' lang='lat' dir='ltr'>Memor-ias</span> <span class='ocrx_word' id='word_1_361' title='bbox 1040 3029 1080 3054; x_wconf 89' lang='lat' dir='ltr'>de</span> <span class='ocrx_word' id='word_1_362' title='bbox 1093 3030 1148 3055; x_wconf 89' lang='lat' dir='ltr'>los</span> <span class='ocrx_word' id='word_1_363' title='bbox 1162 3038 1263 3063; x_wconf 84' lang='lat' dir='ltr'>reyes</span> 
     </span>
    </p>
   </div>
   <div class='ocr_carea' id='block_1_6' title="bbox 2259 0 2320 3444">
    <p class='ocr_par' dir='ltr' id='par_1_8' title="bbox 2259 0 2320 3444">
     <span class='ocr_line' id='line_1_52' title="bbox 2259 0 2320 3444; baseline 0 0"><span class='ocrx_word' id='word_1_364' title='bbox 2259 0 2320 3444; x_wconf 95' lang='lat' dir='ltr'> </span> 
     </span>
    </p>
   </div>
  </div>
 </body>
</html>
