2320 3444
59 221 371 261 Mun..ec.102⁶-27174
744 215 1035 253 RYCCARDI
1065 216 1137 251 DE
1167 208 1387 251 SANCTO
1419 210 1696 251 GERMANO
1971 219 2024 256 [Α.
2046 220 2140 256 12³1]

293 353 519 394 Ryccardum
549 351 593 383 de
625 350 829 391 Principatu
860 348 1112 381 marescalcum
1143 358 1240 380 suum
1254 345 1275 385 ¹,
1307 347 1351 380 de
1375 346 1500 389 quibus
1523 346 1629 390 aliqui
1661 352 1740 380 sunt
1770 347 1902 380 inuenti
1929 353 1964 380 et
1993 346 2141 380 uinculis

295 406 493 447 mancipati.

383 458 540 492 Collecta
563 457 690 500 ubique
708 466 770 498 per
787 456 949 500 Regnum
973 455 1064 487 iussu
1090 454 1262 497 imperiali
1280 465 1300 486 a
1315 454 1487 488 iudicibus
1504 459 1538 486 et
1553 453 1799 487 tabellionibus
1823 454 1961 487 demani
1977 454 2138 498 exigitur.

382 513 461 545 Rex
484 511 660 554 quondam
684 509 1004 542 lherosolimitanus
1029 509 1072 540 de
1096 508 1246 540 Francia
1270 508 1409 541 rediens
1431 514 1464 540 et
1496 508 1541 540 de
1565 506 1720 550 partibus
1750 507 2015 540 ultramontanis
2044 507 2141 540 uenit

295 565 472 598 Perusium
486 564 507 602 ²,
532 563 590 595 ubi
612 568 795 594 uenturum
819 567 981 603 expectat
1005 561 1181 593 dominum
1206 571 1342 604 papam,
1367 571 1445 594 cum
1463 571 1531 604 quo
1548 560 1644 603 loqui
1661 560 1849 600 desiderat,
1865 561 1948 604 quia
1970 570 2042 593 non
2064 560 2140 593 uult

296 629 332 650 se
357 618 519 650 conferre
542 617 588 648 ad
613 615 756 648 Urbem.

383 670 503 702 Mense
528 669 661 711 Aprilis
685 669 850 711 magister
873 668 994 701 domus
1017 667 1288 700 Alamannorum
1313 669 1357 700 de
1382 667 1592 700 Alamannia
1614 668 1660 700 ad
1684 667 1937 709 Imperatorem
1961 667 2063 700 redit·

384 723 517 756 Eodem
542 732 658 754 mense
683 722 922 755 Romanorum
946 720 1121 753 exercitus
1143 731 1247 764 super
1269 720 1467 754 Uiterbium
1491 720 1602 754 uadit.

381 777 421 809 In
445 776 587 808 ciuitate
611 774 998 817 Constantinopolitana
1021 781 1225 808 terremotus
1247 775 1362 818 magni
1386 775 1498 813 fuere,
1522 784 1586 816 per
1609 784 1695 818 quos
1719 773 1947 807 ecclesiarum
1963 779 1999 807 et
2022 775 2142 807 domo-

126 845 146 859 c.
160 844 212 863 52⁷⁴
299 842 373 863 rum
396 828 553 862 uastitas'
577 839 703 872 magna
726 829 803 860 fuit.

385 883 425 915 In
457 883 584 925 Apulie
608 882 732 914 finibus
756 889 790 914 et
812 881 888 914 aliis
904 881 1022 926 Regni
1037 881 1194 924 partibus
1217 883 1263 914 ad
1285 881 1534 914 destruendam
1559 886 1693 923 pestem
1716 881 1903 914 brucorum
1928 881 2142 914 innumeram

296 936 457 980 generale
482 947 502 968 a
518 936 646 968 Cesare
668 935 824 967 edictum
849 936 947 975 exiit,
969 942 1007 968 ut
1030 935 1157 979 singuli
1181 936 1224 968 de
1241 934 1387 978 singulis
1410 934 1511 966 terris
1527 934 1562 966 in
1579 934 1704 978 quibus
1727 934 1925 967 inualuerat
1949 935 2056 977 pestis
2071 934 2144 973 illa,

292 1001 423 1023 summo
447 999 548 1022 mane
573 995 653 1021 ante
677 988 758 1022 solis
773 995 887 1022 ortum
905 989 1072 1022 deberent
1095 999 1224 1031 capere
1241 994 1388 1032 quatuor
1411 988 1563 1020 tuminos
1579 988 1624 1021 de
1648 988 1766 1021 brucis
1788 987 1885 1031 ipsis,
1909 994 1944 1021 et
1967 988 2143 1032 assignare

297 1050 444 1087 quatuor
466 1043 587 1075 iuratis
610 1043 654 1075 de
678 1048 772 1074 terra
796 1042 952 1085 qualibet
974 1043 1020 1075 ad
1043 1041 1317 1075 comburendum
1339 1041 1404 1074 sub
1427 1051 1519 1084 pena
1541 1041 1642 1074 unius
1672 1042 1776 1074 uncie
1799 1041 1875 1074 auri
1898 1040 2099 1085 unicuique,
2115 1041 2145 1074 si

298 1099 343 1130 ad
366 1098 435 1130 hoc
459 1097 640 1140 negligens
664 1097 770 1128 fuerit
793 1096 848 1128 uel
871 1096 1048 1134 remissus;
1075 1101 1110 1128 et
1131 1096 1200 1128 hoc
1230 1096 1377 1139 singulis
1400 1096 1504 1128 terris
1529 1095 1669 1138 precipi
1691 1095 1872 1128 mandauit
1901 1094 1966 1128 sub
1996 1103 2087 1138 pena
2112 1104 2145 1128 c.
2171 1095 2210 1128 15
2244 1127 2257 1144 ,ἓ

297 1151 475 1183 unciarum
500 1150 574 1182 auri
598 1150 644 1183 ad
667 1160 753 1192 opus
777 1149 850 1182 fisci
874 1149 1075 1192 imperialis.

387 1205 510 1237 Mense
534 1203 619 1235 Maii
644 1203 758 1235 dictus
780 1203 986 1247 Raynaldus
1009 1203 1080 1235 dux
1104 1203 1252 1246 Spoleti,
1276 1213 1354 1235 cum
1378 1213 1449 1235 non
1471 1208 1592 1246 posset
1613 1202 1821 1245 Imperatori
1837 1202 2063 1235 sufficientem
2081 1212 2142 1246 po-

299 1269 381 1291 nere
406 1258 574 1290 rationem
598 1264 657 1289 aut
678 1256 934 1289 fideiussoriam
958 1257 1154 1289 cautionem
1178 1262 1346 1299 prestare,
1369 1261 1453 1298 aput
1483 1256 1629 1300 Fogiam
1654 1255 1747 1288 iussu
1769 1256 1993 1298 Imperatoris
2016 1262 2142 1299 captus

299 1317 362 1350 est,
386 1318 420 1344 et
436 1311 592 1343 custodie
616 1310 773 1348 traditus,
797 1321 838 1342 ac
862 1310 1031 1343 bonorum
1056 1310 1211 1343 omnium
1234 1310 1418 1342 amissione
1442 1308 1676 1347 mulctatus³3
1700 1319 1808 1352 quare
1831 1309 2019 1342 Bertoldus
2036 1309 2144 1343 frater

297 1366 405 1408 ipsius
421 1365 519 1398 ducis
541 1370 665 1396 contra
688 1363 937 1406 Imperatorem
962 1363 999 1396 in
1023 1363 1213 1396 Introduco
1237 1374 1274 1396 se
1298 1364 1446 1406 recepit.

387 1419 521 1451 Eodem
545 1427 663 1451 mense
687 1418 927 1450 Romanorum
950 1418 1124 1450 exercitus
1146 1427 1251 1460 super
1273 1416 1470 1450 Uiterbium
1494 1417 1601 1455 uadit,
1625 1417 1668 1450 ab
1692 1416 1758 1449 hiis
1773 1417 1816 1449 de
1833 1416 1956 1450 Monte
1972 1417 2144 1451 Flaecone

298 1473 465 1505 iuratoria
488 1472 648 1504 cautione
673 1476 830 1513 recepta,
853 1481 897 1503 ne
920 1471 1112 1504 subsidium
1135 1470 1278 1514 aliquod
1301 1471 1372 1503 illis
1396 1471 1440 1503 de
1465 1470 1627 1504 Uiterbio
1653 1471 1819 1503 conferre
1841 1470 2024 1504 deberent.

386 1525 546 1569 Reginus
569 1524 864 1568 Archiepiscopus
886 1524 931 1557 ab
953 1525 1170 1567 Imperatore
1194 1524 1332 1557 nuntius
1348 1525 1393 1557 ad
1407 1535 1535 1567 papam
1559 1524 1670 1563 uadit,
1687 1529 1722 1556 et
1737 1525 1882 1557 ueniens
1904 1525 1949 1558 ad
1973 1525 2143 1558 Sanctum

301 1580 522 1618 Germanum,
546 1579 806 1621 inquisitionem
830 1579 916 1611 facit
939 1578 1013 1610 fieri
1037 1579 1082 1611 de
1105 1578 1293 1611 infamibus
1317 1584 1353 1610 et
1376 1578 1556 1620 suspectis.
2264 1616 2267 1618 ,

388 1633 509 1665 Mense
533 1631 623 1665 Iunii
647 1632 761 1674 primo
785 1632 844 1664 die
869 1632 963 1664 circa
984 1632 1178 1671 meridiem,
1202 1632 1261 1674 qui
1284 1637 1359 1664 erat
1382 1632 1458 1664 dies
1480 1631 1683 1664 Dominicus
1694 1630 1718 1670 ⁴,
1749 1636 1843 1664 terre
1866 1638 1979 1665 motus
2000 1641 2147 1676 magnus
2169 1630 2212 1664 2⁵
2262 1623 2266 1654 ἶ

68 1688 139 1708 T‘m
148 1689 280 1707 ”¹⁰‘¹⁴⁸''¹¹¹·
302 1689 417 1720 factus
440 1693 492 1719 est
515 1685 629 1718 subito
653 1686 688 1717 in
713 1686 844 1718 Sancto
869 1685 1046 1718 Germano
1069 1690 1103 1717 et
1126 1696 1189 1728 per
1211 1685 1329 1717 uicina
1353 1684 1440 1724 loca,
1465 1685 1524 1728 qui
1547 1685 1604 1717 die
1627 1685 1703 1727 ipso
1727 1685 1897 1718 nonnulla
1920 1684 2144 1718 ecclesiarum
2262 1676 2265 1683 ’

300 1740 519 1783 campanilia,
540 1740 636 1782 ipsas
659 1740 764 1772 etiam
789 1738 966 1778 ecclesias,
989 1739 1105 1772 firmas
1127 1745 1239 1771 turres
1266 1744 1302 1772 et
1317 1739 1438 1772 domos
1460 1738 1629 1781 plurimas
1651 1739 1688 1770 in
1711 1738 1911 1772 ciuitatibus
1935 1745 1971 1771 et
1991 1738 2145 1772 castellis
2172 1748 2176 1753 ·

300 1795 434 1833 euertit,
451 1794 511 1837 qui
536 1793 631 1837 quod
655 1792 753 1826 dictu
777 1798 812 1825 et
827 1792 951 1825 auditu
974 1792 1133 1825 mirabile
1149 1799 1211 1832 est,
1229 1798 1320 1826 terre
1344 1792 1582 1825 fundamentis
1604 1792 1782 1825 concussis
1799 1791 1960 1835 limpidos
1980 1802 2147 1836 aquarum

300 1850 417 1882 fontes
433 1849 478 1881 de
502 1848 634 1881 Sancto
658 1847 834 1880 Germano
850 1846 885 1878 in
901 1847 992 1879 fecis
1007 1847 1174 1879 fetulente
1191 1847 1346 1880 colorem
1362 1846 1516 1884 mutauit,
1540 1852 1576 1878 et
1590 1846 1668 1878 talis
1684 1847 1780 1879 color
1796 1855 1963 1889 aquarum
1979 1857 2044 1889 per
2059 1846 2146 1880 duaa
2275 1877 2278 1880 .

301 1903 412 1934 ferme
435 1902 539 1934 horas
559 1900 707 1939 durauit,
731 1911 816 1933 saxa
839 1899 997 1943 disrupit,
1019 1906 1164 1944 propter
1186 1900 1281 1943 quod
1303 1900 1463 1933 homines
1485 1900 1648 1932 timentes
1669 1900 1769 1933 uiuos
1792 1910 1813 1932 a
1835 1906 1927 1933 terra
1950 1899 2098 1941 sorberi,
2112 1899 2148 1932 in
2172 1899 2215 1933 30
2269 1915 2271 1918 ·

302 1955 410 1988 multa
432 1955 642 1988 contritione
666 1960 702 1987 et
725 1954 819 1987 luctu
841 1954 1069 1996 penitentiam
1093 1959 1248 1997 agentes,
1269 1963 1348 1986 suas
1370 1953 1520 1986 Domino
1536 1963 1600 1996 pre
1616 1955 1740 1986 timore
1756 1953 1875 1986 mortis
1898 1953 2031 1987 animas
2053 1963 2150 1986 com-

302 2008 524 2042 mendabant.
570 2008 681 2041 Terre
697 2013 810 2040 motus
832 2007 897 2040 iste
921 2007 1072 2040 intonuit
1095 2007 1153 2040 die
1176 2007 1238 2040 illo
1263 2012 1298 2040 et
1319 2007 1408 2039 hora
1430 2007 1602 2050 predicta,
1626 2018 1647 2039 a
1669 2007 1790 2050 Capua
1805 2017 1914 2051 usque
1927 2007 2090 2047 Romam,
2115 2011 2151 2040 et

301 2069 395 2095 terra
418 2068 510 2094 mota
533 2067 594 2094 est.
642 2062 688 2094 Et
709 2067 793 2094 tunc
810 2061 854 2093 de
869 2061 1011 2094 Coliseo
1037 2070 1227 2094 concussus
1250 2060 1337 2103 lapis
1353 2060 1477 2104 ingens
1500 2070 1641 2093 euersus
1658 2066 1725 2099 est3
1750 2066 1786 2093 et
1802 2061 1884 2103 quia
1908 2060 2046 2094 durauit
2059 2060 2151 2094 ultra

303 2125 455 2148 mensem
479 2121 570 2147 terre
587 2120 699 2147 motus
721 2114 928 2156 huiusmodi,
950 2114 1124 2148 interdum
1147 2114 1225 2157 plus
1248 2113 1419 2146 interdum
1443 2113 1566 2152 minus,
1590 2114 1728 2146 attoniti
1751 2114 1919 2152 homines,
1935 2113 2084 2147 dimissis
2100 2113 2154 2146 la-

302 2169 399 2202 ribus
422 2174 457 2201 et
482 2169 567 2200 locis
590 2168 750 2210 propriis,
774 2179 819 2200 ne
845 2168 1027 2200 domorum
1050 2167 1128 2200 illos
1150 2168 1251 2200 ruina
1274 2172 1482 2206 contereret,
1514 2167 1559 2199 ad
1589 2177 1693 2210 agros
1724 2167 1873 2200 exibant.
1919 2167 2023 2201 Tunc
2051 2167 2150 2200 iussu
2172 2166 2214 2200 35

304 2222 465 2255 Landulfi
487 2222 686 2254 Casinensis
711 2221 844 2254 abbatis
867 2222 905 2254 fit
927 2221 972 2254 ad
995 2220 1185 2254 Casinense
1216 2221 1462 2254 monasterium
1493 2220 1538 2253 de
1568 2221 1715 2265 singulis
1745 2221 1844 2254 terris
1874 2221 1944 2254 suis
1974 2219 2151 2264 processio

305 2276 479 2320 generalis
502 2275 716 2308 discalciatis
739 2275 887 2318 pedibus
910 2275 945 2307 in
970 2275 1050 2307 fletu
1072 2281 1108 2308 et
1132 2274 1283 2318 planctu.

393 2329 443 2361 Ea
467 2330 523 2361 die
548 2339 616 2371 qua
638 2335 732 2361 terre
755 2334 868 2361 motus
890 2329 966 2371 ipse
990 2328 1065 2367 fuit,
1090 2327 1281 2371 Gregorius
1297 2338 1390 2371 papa
1407 2327 1537 2360 Urbem
1553 2328 1684 2368 exiens,
1701 2329 1797 2361 uadit
1812 2328 1926 2362 Reate
1941 2327 1970 2366 ⁵;
1987 2328 2033 2361 ad
2049 2337 2151 2372 quem

90 1721 159 1739 Knux.

396 2466 419 2491 5.
440 2460 574 2484 domnum
594 2458 690 2484 Pam-z
710 2473 742 2477 —-
765 2467 804 2491 ¹3-
824 2459 948 2484 tumulos
968 2459 1043 2483 Usu.
1063 2467 1077 2483 e
1097 2459 1159 2483 Du
1179 2457 1223 2482 Ra
1242 2472 1275 2477 —
1299 2463 1387 2491 14—15.
1405 2459 1456 2483 sub
1475 2465 1549 2491 pena
1561 2460 1647 2484 unius
1659 2460 1746 2484 uncie
1757 2460 1820 2484 auri
1834 2460 1998 2491 unicuique.
2011 2459 2034 2483 sl
2049 2457 2152 2484 adhoc

307 2503 457 2535 negligens
476 2502 564 2526 suerit
584 2501 628 2525 vel
648 2503 782 2527 remissus
802 2510 851 2526 om.
871 2501 967 2526 GAun.
987 2514 1019 2518 —
1040 2507 1222 2533 25..magnus
1241 2509 1335 2525 manca
1361 2501 1436 2526 UGH.
1455 2514 1489 2518 —
1508 2508 1551 2534 30.
1575 2501 1686 2535 dirupit
1712 2501 1788 2526 Uon-
1814 2510 1828 2526 e
1852 2501 1915 2526 Dm:
1941 2501 1999 2531 Ru
2025 2499 2153 2534 disrupit

308 2545 414 2574 ΡκκτΖ,
433 2545 583 2569 annotando
602 2545 647 2569 che
666 2546 751 2577 legge
770 2544 880 2576 dlruplt
902 2544 975 2573 Cod„
994 2551 1044 2568 non
1063 2544 1167 2568 avendo
1185 2543 1326 2568 avvertito
1344 2543 1366 2568 il
1383 2552 1466 2576 segno
1485 2544 1708 2569 d’abbreviatura
1726 2552 1756 2569 su
1776 2544 1807 2568 di
1826 2557 1858 2562 ——
1877 2550 1920 2576 33.
1933 2541 2063 2568 Colllseo
2077 2542 2152 2568 Uen.

396 2632 403 2647 ¹
424 2633 564 2658 Riccardo
585 2633 629 2658 del
656 2634 827 2667 Prlnclpato
853 2634 1002 2665 apparlsce
1027 2632 1202 2657 Marescalco

1257 2639 1326 2657 aver
1345 2633 1481 2657 mandato
1503 2633 1579 2658 nella
1599 2633 1695 2657 Marca
1714 2631 1900 2657 AnconItana
1919 2638 1934 2656 e
1948 2632 1993 2656 nel
2007 2631 2112 2656 ducato
2125 2631 2155 2656 dl

265 2679 278 2705 5
308 2676 336 2700 di
359 2677 494 2700 Federico
514 2676 539 2700 11
558 2675 593 2700 fin
615 2677 660 2700 dal
684 2682 762 2707 1225:
784 2676 814 2700 fu
841 2683 908 2708 pure
934 2682 988 2699 con
1015 2674 1203 2706 quest’ufficio
1257 2675 1377 2707 Spoleto
1397 2675 1450 2699 due
1470 2675 1575 2708 prelati
1594 2675 1767 2700 coll'ordine
1786 2676 1814 2700 di
1838 2674 2105 2707 ¹‘....quecumque
2125 2675 2156 2698 ln

309 2720 337 2742 ln
359 2718 568 2743 Gerusalemme
587 2726 602 2742 e
623 2719 652 2743 su
672 2718 760 2743 anche
780 2718 875 2750 legato
895 2717 1044 2749 imperiale
1065 2718 1094 2741 in
1120 2716 1205 2746 Siria,

307 2762 443 2789 ΒὸΗΜιῑιι,
464 2768 511 2784 nn.
535 2766 600 2793 1553
621 2763 692 2790 etc-..3
713 2766 790 2792 ²1²5·
810 2759 880 2793 3456
899 2762 953 2784 etc.

396 2801 407 2818 ²
425 2802 565 2834 Gregorio
587 2803 625 2827 IX
644 2811 702 2828 non
723 2804 748 2827 si
766 2802 830 2827 reeb
850 2800 900 2835 piu
920 2804 949 2826 in
965 2802 1096 2835 Perugia,
1109 2809 1123 2826 e
1136 2801 1205 2826 Glo-

308 2845 398 2869 vannl
411 2845 441 2869 di
460 2845 584 2869 Brienne
602 2846 632 2870 lo
646 2846 712 2869 vide
727 2846 771 2869 nel
786 2846 896 2878 giugno
910 2853 925 2870 a
939 2845 1027 2875 Rieu,
1047 2852 1125 2869 come
1145 2845 1207 2869 dice

251 2894 283 2912 xo
308 2884 359 2919 pii:
378 2887 477 2911 avanti
497 2887 526 2911 lo
545 2889 635 2911 stesso
655 2887 688 2911 R.

396 2927 407 2944 ³
425 2929 602 2954 L’inchiesta
621 2932 725 2954 contro
747 2931 767 2954 il
788 2930 860 2954 duca
883 2930 912 2954 di
938 2930 1057 2961 Spoleto
1085 2929 1115 2952 fu
1141 2936 1207 2962 pro-

309 2977 399 2994 mossa
419 2971 497 3003 dopo
519 2973 526 2995 i
548 2972 661 2996 reclami
683 2973 713 2997 di
740 2972 881 3004 Gregorio
906 2971 954 3000 IX,
981 2973 1031 2996 che
1057 2969 1206 2996 annunzio

310 3014 399 3037 anche
419 3014 642 3045 all'imperatore
662 3023 715 3039 con
736 3022 785 3039 sua
813 3015 915 3039 lettera
935 3014 1020 3039 dell’8
1047 3022 1150 3046 marzo,
1177 3015 1208 3039 dl

1261 2716 1478 2749 “preiudicium
1497 2719 1578 2742 tuum
1598 2718 1762 2751 presumpta
1782 2718 1848 2741 sunt
1867 2717 1902 2741 ab
1927 2716 2033 2741 eisdem
2054 2717 2156 2746 (recto-

1260 2759 1383 2790 “ribus),
1404 2760 1532 2791 plenarie
1552 2761 1724 2793 precipimus
1743 2759 1886 2783 emendari
1898 2776 1923 2790 „.
1959 2758 2037 2783 Poco
2055 2755 2106 2790 plu
2125 2757 2158 2782 dl

1260 2810 1298 2827 un
1319 2810 1392 2826 mese
1412 2803 1487 2836 dopo
1509 2803 1538 2827 lo
1553 2805 1643 2828 stesso
1657 2809 1728 2836 papa
1741 2808 1866 2835 pregava
1879 2801 2080 2834 l’lmperatore,
2094 2807 2158 2834 per-

1260 2843 1310 2870 che
1326 2845 1465 2869 “ianuam
1485 2845 1512 2870 el
1531 2844 1706 2878 (Raynaldo)
1720 2845 1830 2877 aperire
1849 2844 2024 2876 digneris...
2035 2862 2041 2868 .
2052 2850 2084 2876 „3
2104 2843 2159 2868 Ro-

1260 2893 1407 2918 nannum,
1427 2888 1447 2918 1,
1469 2895 1497 2912 n·
1517 2895 1569 2920 434
1588 2895 1602 2912 e
1622 2892 1682 2919 44²·
1701 2894 1749 2919 pp·
1769 2891 1822 2918 350
1839 2894 1854 2912 e
1871 2885 1935 2918 356-

1348 2928 1359 2945 ⁴
1376 2929 1593 2954 L’lndicazione
1612 2929 1800 2962 cronologica
1818 2927 1833 2953 ὲ
1846 2930 1952 2954 esatta:
1967 2929 1989 2954 ll
2005 2926 2032 2953 1⁰
2045 2929 2157 2961 glugno

1260 2972 1348 2996 cadde
1368 2972 1444 2996 nella
1462 2974 1492 3004 3¹
1512 2972 1662 2996 domenica
1681 2971 1710 2995 dl
1730 2971 1907 2996 Pentecoste.

1349 3012 1359 3027 ⁵
1377 3014 1401 3038 Il
1421 3015 1516 3047 primo
1535 3013 1598 3039 doc.
1619 3014 1687 3038 dato
1707 3013 1743 3038 da
1762 3012 1906 3045 Gregorio
1931 3013 1971 3038 lx
1996 3021 2011 3037 a
2036 3013 2116 3037 Rletl
2141 3011 2156 3037 ὲ

2169 828 2256 861 ιο-

2165 1364 2208 1396 20
2249 1341 2263 1389 ἶ
2318 1335 2320 1376 3

2187 2677 2217 2704 ¹⁵

2186 2893 2220 2911 20
