2320 3444
372 215 419 256 72
827 217 1103 252 RYCCARDI
1131 218 1201 253 DE
1229 216 1442 253 SANCTO
1473 216 1741 254 GERMANO
2033 223 2084 260 [A.
2106 225 2200 262 1215]

362 350 427 383 bus
457 350 587 383 licteris
616 350 780 393 perlectis
810 355 845 383 et
875 349 1015 388 auditis,
1045 350 1199 384 marchio

361 403 616 436 Montisferrati
652 413 696 436 ex
730 403 878 436 aduerso
911 403 1053 435 licentia
1085 409 1200 442 nacta,

360 456 574 499 r[espondit],
606 456 789 489 Oddonem
821 466 841 488 a
871 455 980 497 se[de]
1010 456 1201 499 apostolica

361 508 583 542 absolutionis
605 509 715 552 gratia
739 509 920 547 demereri,
944 519 1005 541 sex
1028 508 1199 542 inducens

359 562 510 604 capitula
534 566 653 594 contra
676 561 804 604 ipsum:
1285 563 1304 596 5

446 613 595 646 Primum
612 614 750 657 quidem
766 614 850 657 quia
860 614 1088 647 iuramentum
1105 616 1199 660 quod

358 677 486 700 summo
508 667 665 710 pontifici
689 673 725 700 et
739 672 858 700 sancte
874 667 1031 700 Romane
1047 669 1199 701 ecclesie

358 721 492 753 fecerat
514 731 585 753 non
607 720 757 753 seruauit
779 726 816 753 ut
839 720 970 754 debuit.

446 773 643 806 Secundum
679 773 758 816 quia
791 778 937 816 propter
971 774 1199 808 anathematis

357 832 408 859 est
439 826 578 859 uinculo
612 825 779 859 innodato
813 826 927 859 adhuc
961 826 1096 860 detinet
1131 838 1197 861 nec
1265 830 1304 862 10

355 878 512 912 reddidit
533 885 571 912 ut
592 879 730 912 iurauit.

442 932 599 965 Tertium
638 933 718 976 quia
759 933 962 976 episcopum
1003 935 1197 978 quemdam,

355 996 455 1029 quem
478 985 638 1018 dominus
660 996 751 1029 papa
778 992 952 1030 tamquam
982 987 1092 1030 ipsius
1121 988 1199 1020 iau·-

354 1044 464 1071 torem
486 1040 856 1079 excommunicauerat‚
879 1041 974 1072 nisus
996 1046 1049 1073 est
1063 1041 1197 1075 fouere.

443 1091 615 1130 Quartum
638 1092 720 1137 quia
742 1093 895 1137 legatum
925 1094 1026 1126 alium
1060 1094 1196 1137 episco-
1263 1095 1301 1129 15

353 1155 434 1187 pum
462 1155 588 1188 capere
613 1151 648 1178 et
671 1145 705 1177 in
722 1146 861 1179 maioris
876 1146 1064 1190 iniquitatis
1080 1158 1197 1181 cumu-

353 1199 423 1231 lum
445 1198 595 1231 uinculis
618 1199 815 1242 mancipare
846 1201 1064 1242 presumpsit.

442 1250 611 1291 Quintum
633 1258 695 1291 est,
718 1253 797 1296 quia
820 1253 854 1285 in
871 1259 1106 1297 contemptum
1122 1255 1196 1288 Ro-

353 1316 453 1338 mane
469 1306 619 1339 ecclesie
634 1316 752 1349 regem
767 1306 822 1338 uel
837 1306 1080 1350 imperatorem
1098 1308 1195 1350 F[re-

352 1358 519 1401 dericum]
538 1350 736 1402 ⁸appellauit
764 1370 883 1404 regem
913 1360 1195 1402 presbiterorum.
1259 1365 1301 1396 20

440 1412 584 1445 Sextum
607 1417 667 1451 est,
683 1413 766 1456 quia
781 1413 955 1456 quoddam
970 1414 1194 1457 mon[i]alium

351 1466 603 1504 monasterium,
626 1465 855 1509 mon[i]a1ibus
877 1467 972 1500 §oras
987 1467 1117 1507 eiectis,
1134 1468 1195 1501 de-

353 1518 474 1552 struxit
497 1524 532 1551 et
554 1520 666 1552 erexit
688 1519 723 1552 in
745 1529 874 1553 arcem.

441 1571 518 1611 Que
535 1573 649 1604 omnia
664 1584 814 1606 summus
825 1574 984 1616 pontifex
996 1575 1195 1608 auscultans

352 1636 435 1657 aura
460 1625 610 1670 benigna
625 1632 660 1659 et
675 1626 884 1669 approbans,
900 1638 941 1660 ea
956 1638 1021 1671 per
1035 1628 1193 1661 ordinem
1258 1631 1299 1665 25

352 1678 434 1721 ipsis
456 1679 773 1713 Mediolanensibus
796 1681 839 1713 de
869 1681 978 1714 uerbo
1010 1682 1195 1725 replicauit

351 1732 397 1765 ad
423 1731 577 1765 uerbum.

436 1784 495 1818 Ad
519 1786 614 1828 quod
637 1797 716 1819 cum
739 1787 870 1821 uellent
891 1788 958 1831 ipsi
983 1789 1193 1822 contrarium

349 1838 573 1881 respondere,
597 1846 632 1872 et
654 1839 895 1874 Marchionem
921 1842 1035 1884 ipsum
1066 1843 1104 1875 in
1133 1854 1194 1876 sua

349 1891 544 1924 obiectione
566 1903 711 1936 arguere
727 1904 846 1927 eorum
861 1895 1044 1938 principio'
1061 1896 1193 1929 obstitit
1256 1901 1299 1933 30

347 1945 512 1984 marchio,
534 1951 579 1985 et,
595 1947 716 1980 ordine
733 1947 870 1981 turbato
885 1950 1043 1991 responsi
1058 1949 1192 1983 adiecit

349 1998 442 2040 quod
456 1999 521 2041 ipsi
537 1999 819 2034 Mediolanenses
835 2001 977 2035 uerbum
993 2003 1112 2037 facere
1128 2013 1191 2046 pro

348 2051 497 2085 Oddone
520 2063 589 2086 non
612 2059 784 2096 poterant,
801 2065 879 2087 cum
896 2062 1070 2100 tamquam
1085 2057 1192 2100 ipsius

347 2104 502 2138 fautores
525 2111 561 2139 et
583 2107 773 2149 complices
796 2108 900 2142 simili
916 2116 1031 2143 essent
1054 2120 1192 2144 excom-

348 2158 581 2192 municatione
606 2159 715 2205 ligati,
732 2167 767 2194 et
790 2173 833 2194 ex
856 2173 897 2195 eo
921 2164 1081 2202 maxime,
1099 2165 1193 2207 quod
1254 2169 1295 2202 35

348 2221 465 2243 eorum
496 2212 618 2246 ciuitas
648 2213 837 2248 Paterenos
866 2216 1007 2250 foueret
1035 2217 1072 2250 in
1107 2218 1190 2251 fidei

347 2265 533 2298 christiane
564 2272 811 2310 contemptum.
858 2269 966 2308 Quod
996 2281 1075 2304 cum
1106 2281 1190 2315 egre

345 2317 486 2350 nimium
516 2319 650 2353 ferrent
678 2321 973 2363 Mediolanenses,
1003 2323 1071 2367 ipsi
1100 2335 1190 2357 mar—

346 2369 505 2404 chionem
543 2372 654 2415 ipsum
691 2375 870 2408 mentitum
905 2376 1023 2416 fuisse,
1061 2378 1190 2411 ceteris

346 2424 575 2465 audientibus,
598 2427 669 2460 alta
691 2438 779 2461 uoce
796 2430 995 2470 clamantes,
1012 2432 1094 2475 quia
1109 2442 1191 2475 pars
1253 2439 1295 2470 40

344 2482 489 2521 utraque
516 2479 551 2511 in
567 2482 811 2515 contumeliam
827 2484 1110 2527 prorumpebant,
1126 2486 1189 2518 do-

343 2531 455 2563 minus
477 2542 568 2575 papa
591 2545 695 2567 manu
724 2535 835 2568 innuit
865 2542 900 2569 et
930 2538 1188 2581 egredientibus

344 2585 477 2627 ceteris,
507 2585 582 2629 ipse
612 2588 796 2621 ecclesiam
827 2596 878 2622 est
908 2600 1075 2634 egressus.
1121 2592 1187 2626 Die

342 2646 426 2670 uero
438 2637 517 2671 lune
533 2639 656 2673 ultimo
672 2642 798 2675 mensis
810 2642 1030 2683 Nouembris,
1043 2644 1079 2676 in
1096 2645 1187 2679 festo

341 2689 457 2723 silicet
479 2691 572 2725 beati
595 2692 747 2735 Andree,
771 2695 827 2728 die
851 2702 921 2728 tam
944 2697 1128 2741 sollempni
1152 2705 1188 2732 et
1251 2704 1291 2737 45

341 2746 562 2778 memoranda
586 2745 620 2778 in
636 2747 758 2780 euuml
782 2749 882 2782 tertio
899 2760 935 2782 se
952 2750 1187 2785 manifestauit

342 2795 501 2829 dominus
523 2808 614 2841 papa
637 2801 822 2843 egrediens
844 2808 1017 2846 tamquam
1040 2814 1187 2847 sponsus

342 2847 386 2880 de
416 2850 565 2884 thalamo
599 2862 671 2891 suo,
706 2859 740 2886 et
773 2856 967 2888 ascendens
996 2857 1088 2890 sedit
1120 2868 1185 2900 pro

431 2985 472 3012 ²5·
492 2987 558 3006 aura
579 2983 642 3007 Cod.
