2320 3444
450 335 464 351 ‘⁴
479 333 515 366 Si
539 333 664 376 aliquis
686 337 827 365 tenetur
848 332 985 364 soluere
1010 331 1116 364 alicui
1139 342 1199 364 au-

364 388 378 404 “
395 397 468 418 rum
491 396 554 428 pro
577 391 693 417 mutuo
709 384 766 417 uel
782 395 846 427 pro
860 390 1013 416 mercato
1029 390 1064 416 et
1080 385 1116 416 in
1132 390 1200 417 ter-

360 439 374 456 “
390 439 482 471 mino
506 449 623 470 aurum
647 437 775 470 habere
800 447 870 470 non
885 437 1014 479 poterit
1030 444 1066 470 et
1078 438 1199 470 facere

363 492 491 524 “fidem
533 491 658 533 poterit
689 491 785 532 quod
815 501 936 522 aurum
969 489 1099 522 habere
1129 500 1199 523 non

362 547 376 563 “
390 545 508 587 possit,
533 545 657 577 reddat
673 544 840 577 creditori
859 544 1023 576 denarios
1037 543 1073 574 in
1089 554 1200 586 quan-
1285 544 1302 577 5

362 599 485 630 “titate
516 597 605 630 sicut
635 597 774 630 ualebat
813 598 935 630 ultimo
968 596 1024 629 die
1059 597 1199 630 termini

362 653 376 668 ‘⁴
390 651 578 688 constituti,
590 657 624 683 et
636 651 792 683 creditor
816 650 964 693 amplius
979 650 1011 682 ei
1027 649 1198 693 que[re]re

362 706 376 722 ‘⁴
390 714 459 736 non
482 704 600 746 possit.

447 759 462 774 ‘⁴
475 756 602 790 Ueneti
624 767 683 789 seu
706 757 765 789 alii
787 762 1000 789 mercatores
1021 756 1200 789 uenientes

173 829 192 843 c.
209 829 268 847 mv
360 812 374 828 ‘⁴
388 810 421 841 in
439 809 611 852 Regnum,
626 810 654 842 si
671 810 803 853 aliquid
819 812 896 842 eos'
914 820 1030 842 emere
1043 809 1100 841 uel
1116 820 1199 843 uen-
1265 812 1303 844 10

360 863 470 895 “dere
496 862 716 906 contingerit,
748 874 827 896 cum
858 873 942 895 auro
973 862 1200 895 mercimonia

359 918 447 948 “sua
469 922 656 948 exerceant
686 916 774 949 dans
806 927 925 948 aurum
959 921 994 948 et
1024 916 1200 958 accipiens

357 969 428 1001 “ab
451 969 546 1011 ipsis,
567 979 638 1001 non
670 969 828 1002 obstante
861 970 956 1012 quod
985 969 1199 1013 generaliter

358 1022 373 1040 ⁴⁴
386 1028 438 1054 est
461 1022 674 1064 prohibitum
697 1033 740 1054 ne
763 1033 828 1064 pro
851 1033 937 1054 auro
955 1028 1013 1055 aut
1034 1022 1103 1055 alia
1125 1032 1199 1054 mo-

356 1078 465 1108 “neta
489 1076 713 1108 mercimonia
739 1077 890 1109 debeant
922 1076 1093 1114 exerceri,
1120 1086 1199 1108 cum
1265 1078 1302 1110 15

355 1130 473 1162 “inter
496 1130 654 1162 homines
670 1129 787 1173 Regni
805 1128 1033 1171 constitut[i]o
1048 1128 1125 1172 ipsa
1141 1129 1199 1162 de-

356 1183 489 1215 “beant
511 1183 699 1216 obseruari.

444 1236 729 1270 “Mercatoribus
753 1242 868 1269 autem
901 1236 1007 1269 liceat
1031 1236 1198 1279 quasdam

356 1292 548 1330 “monetas,
571 1301 641 1334 que
665 1291 864 1324 uenduntur
888 1290 925 1323 in
942 1300 1085 1323 numero
1101 1296 1199 1323 extra

354 1344 369 1360 “
383 1343 544 1388 Regnum
566 1351 717 1386 portare.
1260 1346 1303 1377 20

444 1399 458 1414 “
472 1397 509 1430 Si
534 1404 647 1430 autem
672 1404 842 1430 mercator
865 1404 1052 1430 extraneus
1074 1397 1198 1430 merci-

355 1453 370 1469 “
384 1451 499 1483 monia
522 1451 663 1484 alterius
685 1462 781 1484 suam
805 1451 942 1490 fecerit,
967 1462 1045 1484 cum
1069 1451 1106 1483 id
1129 1451 1196 1485 Ca·
1321 1460 1325 1518 Ι

356 1505 509 1547 “tapano
532 1510 624 1537 terre
648 1504 834 1544 constabit,
865 1504 941 1547 ipsa
971 1505 1198 1539 mercimonia

352 1556 582 1590 “infiscentur
605 1564 640 1590 et
662 1564 835 1591 mercator
858 1564 1045 1601 componat
1067 1559 1198 1592 solidos

355 1612 521 1643 “centum
544 1611 603 1655 qui
626 1623 647 1644 a
671 1611 863 1644 camerario
886 1611 1079 1654 capiantur.
1259 1611 1300 1646 25

443 1667 457 1684 ¹⁴
471 1664 534 1708 [Si]
571 1675 678 1708 penes
716 1675 969 1709 quemcumque
1017 1665 1196 1698 inuentum

352 1719 366 1735 ⁸
381 1718 489 1752 fuerit
513 1724 695 1762 argentum
724 1719 781 1751 uel
812 1718 994 1752 bolzonem
1025 1719 1085 1762 qui
1109 1718 1197 1752 illud

353 1774 498 1815 “portet
529 1779 628 1805 extra
657 1772 835 1816 Regnum,
865 1771 925 1815 qui
954 1772 992 1804 id
1022 1772 1197 1805 inuenerit

355 1825 468 1859 “illud
499 1827 616 1868 capiat
645 1831 681 1858 et
703 1826 873 1858 medietas
904 1825 1083 1858 diuidatur
1105 1825 1197 1858 inter

353 1881 368 1896 ⁴⁴
382 1879 608 1912 camerarium
626 1885 662 1912 et
677 1879 799 1922 ipsum,
814 1885 848 1911 et
868 1879 1003 1922 reliqua
1026 1879 1197 1912 medietas
1259 1882 1302 1914 30

352 1933 366 1949 “
381 1933 540 1975 capiatur
561 1934 607 1967 ad
625 1943 712 1976 opus
729 1932 845 1971 Curie‚
861 1939 895 1965 et
918 1932 978 1975 qui
1002 1932 1197 1975 portauerit

351 1986 366 2002 ⁴⁶
382 1992 527 2030 cogatur
552 1987 669 2020 dicere
686 1998 707 2019 a
731 1997 800 2030 quo
816 1986 950 2019 emerit.
994 1985 1040 2018 Et
1063 1985 1092 2017 si
1114 1996 1198 2018 uen-

350 2039 365 2055 “
381 2039 472 2072 ditor
496 2039 541 2072 de
563 2039 693 2084 Regno
715 2040 836 2079 fuerit,
858 2039 902 2072 sit
924 2039 961 2071 in
976 2048 1068 2081 pena
1092 2038 1197 2071 libra-

354 2095 368 2111 “
382 2104 457 2125 rum
482 2093 735 2137 quinquaginta
758 2093 992 2130 denariorum,
1014 2098 1198 2135 postquam

353 2146 368 2162 ¹⁴
382 2151 518 2188 emptor
540 2146 706 2180 iurauerit
721 2157 756 2179 se
772 2145 895 2178 emisse
912 2144 956 2178 ab
972 2155 1026 2184 eo,
1049 2155 1195 2188 quorum
1258 2149 1300 2182 35

353 2199 367 2215 ¹‘
381 2199 548 2232 medietas
578 2200 620 2233 sit
651 2199 846 2239 camerarii,
870 2199 1006 2242 reliqua
1027 2199 1196 2232 medietas

353 2253 367 2269 “
381 2252 426 2284 ad
450 2262 536 2294 opus
559 2252 664 2285 Curie
689 2254 856 2295 capiatur.

441 2307 454 2323 ‘⁴
469 2304 506 2337 Si
530 2307 653 2350 aliquis
677 2306 924 2350 presumpserit
939 2307 1066 2339 dicere
1076 2316 1194 2340 mone·

352 2359 367 2375 ⁸
380 2365 449 2391 tarn
473 2369 599 2392 nouam
615 2370 689 2392 esse
706 2360 841 2397 falsam,
858 2360 932 2392 siue
947 2370 990 2392 ex
1006 2360 1051 2392 de
1068 2360 1194 2404 Regno

353 2413 367 2428 “
380 2412 497 2450 fuerit,
520 2413 593 2445 siue
619 2419 715 2445 extra
732 2413 905 2458 Regnum,
922 2413 981 2456 qui
995 2413 1031 2445 id
1047 2413 1195 2446 audierit
1259 2418 1300 2449 40

353 2466 367 2481 “
380 2475 457 2497 eum
474 2466 590 2508 capiat
604 2468 813 2499 tradendum
838 2467 1027 2499 Iustitiario
1050 2467 1195 2509 prouin-

353 2520 367 2535 “
381 2519 434 2550 cie
458 2521 683 2561 puniendum.

437 2573 451 2588 ⁴
471 2573 592 2605 Nullus
615 2573 781 2617 bilancias
805 2586 866 2607 seu
889 2575 1032 2617 pisones
1060 2577 1104 2609 de
1134 2587 1193 2609 au-

353 2626 418 2657 “ro
442 2626 509 2657 nisi
534 2627 568 2658 in
593 2626 733 2668 publico
760 2628 896 2661 cambio
920 2639 1088 2661 exercere
1112 2639 1193 2672 pre-

353 2680 491 2710 “sumat
515 2679 577 2711 sub
601 2691 690 2721 pena
713 2691 903 2723 persone„.
1257 2685 1297 2716 45

437 2730 654 2774 [I]mperat0r
679 2733 856 2766 locuturus
879 2745 956 2766 cum
973 2745 1063 2777 papa
1076 2736 1120 2768 de
1138 2736 1192 2769 Si-

434 2925 476 2950 34.
496 2919 678 2944 denariorum
698 2922 792 2946 scritto
811 2930 857 2946 con
876 2923 1003 2948 richz'amo
1023 2925 1053 2948 al
1065 2925 1192 2957 margins

349 2964 451 2986 esterno
472 2964 535 2988 Cod.
556 2978 588 2982 —
608 2972 650 2997 43.
669 2965 797 2999 bilancas
817 2965 915 2991 GAUD.
