2320 3444
50 236 53 245 1
103 227 156 264 [A.
175 228 271 261 1220]
889 219 1166 257 CHRONICA
1895 218 1940 259 87

51 365 52 368 ¹
108 353 257 387 “tudine
281 353 439 387 locorum
462 364 529 397 que
560 353 757 387 huiusmodi
782 353 945 386 aduerse·
972 388 975 389 ⁷

108 407 191 440 “tur
212 407 396 446 sanctioni,
419 407 486 440 nisi
509 408 588 440 talis
610 406 680 440 sint
708 406 847 450 nauigia
877 416 945 449 que

108 459 328 504 “pyraticam
353 465 542 493 exerceant
556 460 775 503 prauitatem,
798 460 854 492 uel
878 470 945 503 que

54 528 56 561 j
106 513 122 531 ⁸
136 513 239 547 nobis
253 513 321 546 sint
337 518 397 545 aut
411 512 600 546 christiano
622 512 764 545 nomine
795 512 947 544 inimica.

42 568 51 592 ,¹⁵
107 566 427 610 ‘Transgressores
453 571 569 599 autem
593 565 792 598 huiusmodi
816 565 948 598 consti·
1032 565 1050 598 5

108 619 276 653 “tutionis
307 619 492 652 bonorum>
509 619 746 662 publicatione
777 618 949 652 mulcten-

52 671 58 679 ²
107 674 124 692 ⁸
135 679 202 714 tur,
214 679 250 706 et
261 673 290 705 si
303 682 360 705 res
371 672 540 716 exegerit,
556 682 676 705 eorum
690 671 838 705 audacia
853 671 948 704 iuxta

53 759 55 770 ,Ἴ
107 726 336 759 ‘mandatum
369 731 523 759 nostrum
559 725 673 757 modis
703 724 780 757 aliis
803 735 947 767 compe-

47 778 49 784 '
108 781 124 799 ⁸
134 785 254 813 scatur
267 780 288 812 ¹.

193 833 208 850 ‘⁴
223 833 352 867 Omnes
381 832 557 877 peregrini
594 838 630 865 et
667 832 802 864 aduene
838 831 947 864 libere
1014 833 1052 866 10

107 887 352 930 “hospitentur
373 885 433 919 ubi
461 885 644 924 noluerint,
675 890 709 917 et
733 884 895 927 hospitati
919 885 948 917 si

46 931 48 938 ⁴
107 942 122 960 ¹⁴
133 940 252 974 testari
267 939 452 978 noluerint,
464 939 509 971 de
520 938 624 971 rebus
637 938 708 970 suis
719 936 946 979 ordinandus]

106 996 121 1014 ⁸
134 995 279 1028 liberam
302 992 455 1026 habeant
477 991 696 1030 facultatem,
721 1001 868 1034 quorum
892 1001 948 1023 or-

33 1078 43 1086 ,
93 1049 121 1067 '⁴
134 1047 267 1081 dinatio
281 1047 489 1079 inconcussa
510 1049 715 1088 permaneat
729 1050 764 1077 et
778 1049 946 1076 seruetur.

31 1099 49 1146 ·]·.
93 1103 122 1120 '¹‘
134 1101 174 1135 Si
195 1111 282 1134 uero
306 1099 458 1132 intestati
474 1098 699 1137 decesserint,
716 1097 761 1130 ad
776 1097 947 1140 hospitem
1012 1101 1050 1134 15

41 1147 45 1155 ²
106 1153 244 1188 ‘nichil
275 1152 471 1196 perueniat,
494 1158 547 1185 set
579 1151 671 1184 bona
701 1152 853 1195 ipsorum
884 1160 948 1193 per

105 1211 255 1241 “manus
277 1206 447 1250 episcopi,
469 1206 498 1238 si
522 1211 639 1248 potest
661 1204 748 1243 fieri,
763 1204 947 1237 tradantur

106 1260 321 1295 ‘heredibus
343 1259 400 1293 uel
422 1259 461 1292 in
490 1259 566 1302 pias
597 1267 718 1290 causas
749 1263 945 1302 erogentur.

106 1314 270 1358 ‘Hospes
291 1323 388 1352 uero,
420 1313 449 1346 si
480 1312 524 1345 de
541 1311 643 1345 bonis
674 1311 794 1344 talium
826 1315 948 1344 contra

107 1369 201 1403 “hac
238 1373 392 1401 nostram
429 1365 710 1400 constitutionem
748 1364 947 1403 habuerint,
1009 1370 1052 1402 20

104 1424 120 1442 ‘
133 1423 275 1466 triplum
299 1421 466 1464 episcopo
489 1420 648 1453 restituat
669 1419 728 1452 uel
751 1417 873 1463 quibus
894 1418 946 1450 iu-

7 1481 10 1507 ἶ
40 1468 43 1471 ’
56 1477 121 1515 271⁸
133 1482 224 1510 stum
246 1475 377 1508 fuerat'
402 1474 657 1519 assignandum,
687 1482 757 1505 non
787 1471 945 1505 obstante

45 1535 47 1537 ’
106 1529 286 1574 '‘[statuto]
323 1528 442 1572 aliquo
480 1526 537 1560 uel
574 1524 839 1563 consuetudine,
878 1535 945 1568 que

105 1584 121 1602 ⁸
134 1584 302 1617 hactenus
331 1581 544 1615 contrarium
575 1579 776 1612 inducebat.
823 1578 862 1611 Si
885 1578 945 1622 qui

32 1675 44 1682 Ι,
107 1640 122 1658 “
135 1646 220 1672 uero
244 1641 366 1670 contra
387 1633 647 1678 presumpserit,
671 1632 716 1665 de
745 1632 848 1666 rebus
877 1632 947 1665 suis
1009 1636 1050 1670 25

33 1694 50 1728 j:
107 1694 124 1712 ⁴
135 1690 285 1726 testandi
306 1689 548 1722 interdicimus
562 1687 777 1726 facultatem,
791 1691 829 1718 ut
850 1686 887 1718 in
904 1695 945 1718 eo

45 1742 49 1757 '¹
105 1747 120 1764 ¹⁶
133 1746 320 1790 puniantur
341 1743 378 1775 in
400 1752 469 1786 quo
493 1741 727 1784 deliquerunt.

194 1796 467 1842 “Agricultores
491 1801 525 1827 et
556 1794 652 1828 circa
681 1804 754 1826 rem
784 1792 946 1825 rusticam

105 1851 298 1895 “occupati
320 1850 401 1883 dum
424 1848 518 1881 uillis
546 1848 709 1886 insident,
740 1846 822 1880 dum
846 1855 947 1890 agros

106 1909 122 1926 ⁶
135 1906 266 1944 colunt,
289 1903 403 1936 securi
426 1901 494 1934 sint
516 1911 735 1946 quacumque
757 1905 856 1943 parte
877 1905 944 1932 ter·
1009 1905 1052 1937 30

6 1963 9 1966 '
46 1981 50 1983 »
105 1960 120 1978 ‘
134 1970 260 1992 rarum.
282 1958 335 1991 Ita
357 1962 395 1989 ut
409 1956 523 1988 nullus
537 1955 734 1988 inueniatur
748 1960 818 1987 tam
833 1953 947 1986 audax

38 2011 50 2022 ᾧ
106 2013 195 2058 “qui
216 2012 324 2045 boues
345 2020 409 2054 per
430 2010 514 2049 uim,
537 2019 698 2053 agrorum
720 2008 947 2041 instrumenta

40 2061 42 2068 x
107 2069 194 2100 “aut
215 2065 244 2099 si
267 2065 354 2108 quid
377 2062 472 2096 aliud
495 2063 540 2095 sit
555 2061 650 2105 quod
666 2061 711 2094 ad
728 2071 869 2104 operam
891 2072 947 2094 ru-

107 2121 256 2155 ‘uticam
294 2117 478 2161 pertineat,
512 2125 646 2158 rapere,
682 2115 852 2148 inuadere
888 2119 948 2147 aut

108 2173 309 2208 “uiolenter
331 2171 467 2204 referre
497 2174 682 2213 presumat.
729 2168 768 2201 Si
791 2167 870 2212 quis
888 2178 948 2200 au-
1009 2170 1051 2204 35

108 2230 207 2261 “tem
243 2231 407 2260 statutum
429 2223 629 2256 huiusmodi
653 2233 739 2256 ausu
761 2221 947 2254 temerario

38 2306 39 2310 ,
109 2283 123 2300 ‘⁴
135 2281 265 2314 uiolare
281 2277 540 2323 presumpserit,
556 2277 591 2309 in
607 2275 837 2320 quadruplum
853 2275 948 2308 abla-

34 2325 45 2352 ”
108 2337 172 2368 ‘ta
194 2333 364 2370 restituat,
386 2331 530 2364 infamie
554 2335 669 2364 notam
692 2329 767 2372 ipso
790 2329 866 2361 iure
895 2327 949 2360 in-

37 2379 54 2433 J]
107 2389 263 2426 ‘cut-rat,
294 2385 469 2428 imperiali
501 2383 803 2418 animaduersione
834 2383 947 2416 nichi-

109 2441 282 2475 “lominus
304 2438 492 2483 puniendis
509 2461 537 2480 „.
1011 2441 1052 2472 4ο

9 2536 10 2539 ¹
51 2533 55 2540 ν
192 2494 316 2527 Dictus
331 2492 520 2535 imperator
542 2491 721 2524 Romanos
743 2491 829 2524 fines
851 2491 949 2524 dese-

3 2583 4 2586 ,
46 2566 59 2581 ’,ε
104 2558 196 2587 rens,
218 2557 282 2591 per
298 2546 525 2589 Campaniam
551 2545 731 2578 comitatus
753 2546 861 2578 multo
884 2545 948 2577 mi-

31 2595 44 2643 ³]
103 2602 163 2636 lite
175 2602 359 2647 magnifice
374 2601 538 2644 Regnum
552 2598 766 2643 ingrediens,
778 2604 947 2642 preeunte

105 2665 183 2688 eum
205 2654 437 2698 imperatrice,
453 2663 569 2686 mense
586 2651 790 2685 Decembris
805 2651 840 2684 in
857 2653 948 2684 festo

43 2703 49 2736 ἶ·
104 2707 206 2742 beate
229 2708 339 2741 Lucie
362 2707 508 2751 uirginis
531 2705 700 2749 applicuit
714 2704 759 2738 ad
781 2703 948 2738 Sanctum
1011 2707 1052 2739 45

104 2761 317 2795 Germanum
329 2760 353 2801 ²,
391 2766 428 2793 et
457 2759 616 2803 sequenti
654 2759 712 2792 die
742 2759 949 2792 conscendit

39 2973 40 2976 Ἴ
194 2941 204 2959 1
222 2942 255 2967 In
274 2943 356 2976 parte
367 2943 467 2974 queste
479 2942 670 2974 disposIzionl
686 2941 710 2965 sl
724 2940 822 2967 hanno
837 2941 865 2966 in
888 2941 1000 2966 Constit.
1144 2938 1156 2956 ²
1174 2940 1197 2964 11
1221 2947 1252 2972 13
1272 2939 1332 2968 ΧΠ,
1355 2945 1429 2968 1220,
1450 2938 1522 2963 festa
1536 2937 1566 2962 dl
1579 2937 1605 2962 S.
1619 2936 1719 2968 Lucia,
1733 2938 1763 2961 in
1777 2936 1947 2969 quest'anno

107 2984 191 3017 ugni
209 2984 313 3015 Sicilie,
333 2984 364 3009 L.
383 2984 405 3015 1,
422 2985 471 3010 tit.
490 2989 576 3009 xxxx:
593 2983 659 3008 “De
679 2982 871 3016 subripienda
891 2983 1002 3016 aliquid
1057 2980 1155 3015 capito
1176 2982 1251 3007 nella
1266 2981 1415 3006 domenica
1429 2979 1632 3005 den'avvento.
1664 2979 1771 3008 Questa
1788 2979 1854 3003 data
1874 2979 1897 3002 si
1912 2978 1948 3002 ha
1976 2981 1990 3007 5

111 3026 169 3052 “de
188 3026 348 3060 naufragiis
367 3026 412 3052 vel
431 3026 574 3052 lncendsss
585 3044 609 3059 η.
1059 3026 1088 3050 in
1111 3025 1255 3050 chronicon
1276 3025 1434 3051 Suessanum
1454 3023 1512 3054 cit„
1531 3029 1558 3055 p.
1573 3028 1637 3056 ²²7³
1651 3021 1786 3051 Bonum,
1801 3029 1828 3046 n.
1844 3019 1912 3055 1258
1923 3029 1947 3045 a.
