2320 3444
111 233 163 271 [A.
182 233 276 270 1226]
894 226 1176 263 CHRONICA
1882 228 1896 262 1
1905 228 1926 262 4
1932 227 1951 262 5

120 362 327 403 “sperantes
358 361 452 404 quod
482 366 598 394 uestra
630 359 820 403 paternitas
848 360 954 392 etiam

114 415 129 432 “
142 413 337 447 inconsulta
351 424 416 457 pro
432 420 501 447 tam
517 413 662 446 honeste
684 423 788 445 cause
811 412 953 456 negotio

115 466 264 500 “debuit
293 467 330 500 id
361 468 552 500 mandasse.
584 466 656 499 Ubi
678 466 707 497 si
722 475 825 508 quam
854 464 955 497 uobis

114 520 369 553 “intentionem
393 520 603 553 contrariam
626 519 799 552 annotatis
824 529 888 561 pro
911 528 954 550 eo

111 574 127 591 ⁸
143 574 238 618 quod
291 575 559 616 predecessores
604 572 714 605 nostri
762 571 953 604 secundum
1041 572 1059 604 5

114 628 355 660 “uoluntatem
385 637 480 659 suam
502 627 539 658 in
554 624 683 659 eisdem
700 625 832 658 iuribus
854 624 956 657 aliter

114 681 233 713 “sicut
266 680 387 713 dicitis
416 688 631 722 processere,
664 678 793 722 inquiri
826 677 956 720 poterit

115 733 292 776 “qualiter
315 743 336 765 a
366 731 673 775 predecessoribus
703 731 839 769 nostris,
871 741 956 774 qua-

114 786 220 819 “liter
243 797 308 829 per
331 785 568 828 demania[le]s
590 791 709 822 terras,
733 795 819 828 quas
835 795 877 817 ex
894 795 953 816 an-

111 839 128 856 ¹‘
141 839 238 884 tiquo
261 839 413 872 ecclesia
435 839 559 877 tenuit,
575 837 802 876 scribebatur,
818 843 853 870 et
868 837 953 880 quid
1022 838 1062 870 10

114 893 248 926 “iidem
271 893 540 936 predecessores
562 892 671 924 nostri
692 891 728 923 in
745 901 829 924 casu
851 890 956 923 simili

113 948 127 964 “
140 947 333 979 secundum
356 956 476 979 eorum
498 945 573 977 iura
595 945 821 987 perceperint
845 949 880 977 et
894 944 954 976 ha-

111 999 282 1032 “buerint
305 999 349 1032 ab
373 999 515 1032 eisdem.
561 998 607 1031 Et
629 997 684 1040 [si]
714 1007 912 1040 processum
935 1008 955 1030 a

110 1053 126 1070 ⁴⁴
141 1053 243 1086 nobis
264 1053 373 1085 fuerit
388 1051 425 1084 in
440 1053 508 1085 hac
522 1057 621 1094 parte
645 1050 735 1084 ultra
751 1061 853 1094 quam
869 1060 955 1083 con-

113 1106 288 1139 “suetudo
313 1111 347 1139 et
377 1106 430 1139 ius
459 1105 699 1148 probauerint,
728 1104 954 1136 reuocabitur
1023 1104 1059 1136 15

113 1162 128 1179 ‘⁴
142 1161 232 1193 sicut
254 1160 368 1198 decet,
395 1165 430 1192 et
453 1165 557 1202 prout
583 1159 627 1192 de
651 1158 727 1190 iure
750 1163 786 1190 et
809 1167 955 1190 consue-

113 1214 262 1247 “tudine
293 1213 402 1246 fuerit
423 1213 667 1256 procedemus,
689 1216 809 1254 utpote
837 1210 897 1254 qui
922 1216 957 1243 et

111 1267 216 1300 “iura
248 1267 386 1310 imperii
417 1266 588 1300 uoluimus
618 1265 719 1298 illesa
751 1263 884 1297 seruari
921 1269 957 1296 et

111 1320 284 1354 “iustitiis
309 1320 431 1353 matris
461 1319 612 1352 ecclesie
642 1329 714 1351 non
744 1318 956 1351 intendimus

113 1375 128 1391 ‘⁴
142 1373 295 1406 obuiare.
332 1373 384 1406 De
400 1379 514 1406 castro
530 1382 615 1405 uero
632 1372 788 1415 Arquate
803 1371 813 1390 ¹
830 1377 865 1403 et
881 1370 956 1403 aliis
1019 1371 1061 1402 20

113 1429 128 1446 “
142 1428 264 1462 castris
280 1437 348 1471 que
370 1427 418 1460 ad
440 1427 493 1460 ius
516 1433 551 1459 et
575 1426 773 1459 demanium
800 1431 954 1459 nostrum

111 1481 324 1515 “manifeste
350 1480 526 1524 pertinere
557 1485 748 1512 noscuntur
771 1484 807 1512 et
829 1479 956 1511 uestris

112 1537 205 1578 “per
227 1545 289 1568 uos
311 1534 473 1568 fidelibus
493 1533 665 1578 resignari
686 1533 872 1571 mandatis,
894 1543 956 1576 pa-

112 1590 127 1606 “
141 1588 292 1622 temitsti
314 1594 428 1621 uestre
444 1588 560 1621 taliter
583 1587 844 1630 respondemus,
861 1586 955 1629 quod

110 1642 227 1675 “sicut
249 1641 324 1674 iura
345 1647 462 1674 uestra
485 1649 695 1674 conseruare
717 1639 886 1681 uolumus,
902 1639 954 1672 sic
1019 1637 1060 1670 25

113 1695 268 1738 “priuati
290 1694 448 1728 uolumus
470 1694 662 1727 rationibus
688 1693 825 1727 nostris.
870 1693 956 1726 Pre-

112 1749 233 1782 “terea
255 1749 350 1782 iuxta
371 1748 580 1781 monitiones
603 1752 736 1780 uestras
758 1747 804 1780 ad
827 1746 955 1780 libera-

111 1802 270 1836 “tionem
301 1801 411 1834 Terre
441 1806 561 1834 sancte
591 1801 673 1834 totis
701 1800 834 1834 nisibus
863 1800 955 1843 aspi-

112 1856 129 1873 ⁴‘
142 1865 267 1897 ramus,
290 1861 324 1888 et
347 1855 487 1887 interim
510 1860 734 1898 peroptamus
749 1854 818 1887 suis
833 1864 955 1887 neces—

111 1908 127 1925 “
140 1908 300 1942 sitatibus
322 1913 426 1951 prout
455 1908 600 1951 expedit
629 1907 826 1947 subuenire,
850 1913 886 1940 et
909 1907 955 1941 ob
1019 1909 1060 1941 30

113 1962 210 1995 “hoc
232 1962 454 1995 meminimus
476 1971 539 1994 uos
560 1971 712 2006 rogasse,
727 1967 765 1994 ut
786 1972 851 2005 pro
874 1961 955 1994 sub·-

113 2016 305 2049 “uentione
339 2014 493 2058 presenti
527 2014 719 2058 dignemini
753 2014 954 2057 prouidere,

114 2068 224 2110 “quia
254 2067 337 2101 licet
360 2067 459 2100 nobis
481 2068 713 2111 imposueritis
742 2069 810 2101 hoc
842 2067 955 2110 [onus]

114 2121 128 2138 ‘⁴
141 2121 361 2163 portandum,
378 2131 448 2154 non
465 2128 579 2154 tamen
594 2121 722 2155 abinde
746 2121 953 2155 subtrahere

114 2175 204 2207 “uos
226 2173 362 2207 debetis
392 2175 490 2218 quasi
524 2175 636 2219 digito
667 2181 782 2208 uestro
812 2184 954 2208 mouere
1019 2174 1061 2207 35

114 2227 259 2260 “nolitis
297 2227 392 2270 quod
421 2227 502 2261 aliis
535 2228 702 2271 impositis
736 2229 782 2262 ad
812 2234 955 2271 portan-

113 2280 128 2297 “
144 2281 235 2320 dum,
259 2292 336 2314 cum
361 2287 476 2315 uestre
499 2282 707 2315 incumberit
729 2281 956 2314 sollicitudini

113 2334 128 2351 “
142 2335 287 2378 speciali
310 2335 354 2367 ad
377 2334 618 2368 liberationem
641 2335 735 2367 illius
762 2341 853 2368 terre
877 2334 957 2366 totis

114 2389 130 2406 ⁸
142 2388 326 2421 conatibus
371 2388 536 2431 aspirare.
583 2388 702 2427 Quare
741 2394 841 2430 pater
853 2411 862 2421 .
875 2411 884 2420 .
899 2411 908 2420 .
922 2410 930 2420 .
943 2387 955 2404 ²

113 2441 308 2484 “Deficit„.

200 2540 241 2566 18.
260 2548 372 2566 servare
390 2539 487 2566 GAun.
506 2554 539 2558 —
559 2547 601 2565 πο.
621 2540 746 2566 Arcuate
769 2540 833 2566 Cod.
855 2554 885 2558 -
914 2539 956 2564 26.

112 2587 214 2612 vestris
236 2586 299 2612 Cod.
319 2600 352 2604 —
371 2593 415 2620 ²9·
428 2586 611 2619 perobtamus
629 2585 691 2610 Cad.
709 2599 739 2604 —
753 2593 795 2619 39.
810 2586 852 2611 Di
863 2589 956 2618 questa

110 2632 210 2656 laetam
223 2639 316 2656 manca
330 2633 358 2656 la
370 2631 543 2664 complectio
557 2631 603 2655 nel
616 2631 679 2655 Cod.
708 2631 755 2656 Gli
765 2631 856 2655 ultimi
867 2630 959 2655 undici

111 2676 189 2709 ruphi
199 2676 230 2701 dx·
239 2679 331 2708 questa
344 2684 366 2701 c.
379 2676 520 2706 rz'partano
533 2677 561 2700 la
574 2676 674 2700 lettera
687 2675 857 2701 dedicatoria
869 2676 900 2701 dn·
918 2676 957 2700 R.

22 2815 30 2843 ζ
68 2821 83 2847 5
202 2814 209 2831 ¹
229 2815 328 2840 Aseoll
349 2815 456 2841 Piceno
476 2816 506 2840 in
526 2816 665 2840 Abruzzo.
1065 2815 1266 2847 “sponsalium
1290 2815 1375 2840 fetum
1399 2814 1522 2839 similem
1549 2814 1742 2847 parturissent
1755 2831 1776 2845 η,
1806 2813 1905 2837 scrisse
1932 2813 1959 2837 al

199 2856 211 2874 ²
229 2858 253 2882 11
272 2858 409 2888 Bonnam,
429 2867 455 2883 n.
478 2857 563 2891 14696
580 2856 620 2891 (v.
639 2865 666 2891 p.
688 2865 747 2890 141.
766 2866 794 2884 n.
815 2857 1006 2891 1)‚l'nssegno
1063 2866 1136 2890 papa
1157 2859 1185 2882 ln
1207 2858 1299 2883 forma
1315 2859 1414 2890 arguta
1431 2865 1473 2881 ma
1488 2857 1609 2881 dlmesss
1623 2856 1758 2880 Federlco
1771 2855 1806 2886 11,
1819 2863 1868 2888 per
1880 2857 1959 2879 tron-

113 2898 268 2924 all'ultlms
287 2899 391 2924 decade
410 2899 440 2924 dl
459 2899 560 2933 aprile.
1062 2907 1125 2925 care
1143 2900 1171 2924 la
1190 2900 1371 2925 discussione
1389 2899 1441 2924 che
1464 2899 1604 2923 divenlva
1629 2900 1719 2923 ormai
1748 2899 1918 2922 incresciosa
1945 2905 1959 2921 e

200 2941 285 2974 Dopo
298 2944 398 2974 questa
417 2941 528 2973 lettera,
548 2941 640 2966 “licet
659 2941 791 2966 diffusior
802 2949 899 2966 eorum
920 2943 1006 2967 series
1063 2943 1207 2973 velenosa‚
1227 2942 1341 2975 nell'ag.
1361 2942 1394 2975 (ἲ)
1414 2942 1491 2966 dello
1512 2943 1603 2965 stesso
1623 2948 1715 2968 anno:
1735 2941 1774 2965 cf.
1794 2941 1892 2966 Codice
1909 2939 1963 2972 gib

113 2982 126 2996 ‘¹
138 2984 246 3016 apertis
264 2983 406 3008 thesauris
427 2985 529 3008 vestris
549 2985 644 3008 vetera
662 2984 846 3017 produxisset
870 2986 899 3009 et
923 2992 1007 3014 nova,
1062 2986 1107 3010 del
1123 2985 1253 3016 Principe
1274 2985 1304 3009 di
1324 2984 1440 3012 Fitalia,
1454 2985 1519 3016 oggi
1548 2983 1625 3007 della
1651 2983 1758 3008 Societh
1782 2983 1908 3007 siciliam
1934 2982 1965 3006 di
1994 2989 2004 3007 ι
2011 2988 2024 3013 5

30 3034 33 3038 ‘
54 3032 87 3051 ιο
116 3025 171 3051 “ut
189 3025 290 3058 plenus
310 3027 439 3059 ipsorum
458 3027 567 3051 uterum
587 3033 603 3050 a
622 3028 762 3058 conceptu
781 3028 942 3051 nostrarum
964 3034 1005 3051 re·
1064 3027 1156 3052 storia
1175 3027 1286 3056 Patria,
1307 3034 1334 3058 p.
1356 3031 1406 3057 153
1425 3025 1655 3055 WmKsLMANN,
1678 3024 1699 3053 Ι,
1720 3033 1747 3049 n.
1776 3023 1835 3053 286.
1855 3031 1882 3056 p.
1903 3023 1965 3048 261.

245 3141 279 3166 Τ.
297 3141 357 3173 vu,
377 3148 403 3175 p.
422 3147 448 3167 n
466 3155 499 3160 —
519 3147 563 3166 m.
