<?xml version="1.0" encoding="UTF-8"?>
<!DOCTYPE html PUBLIC "-//W3C//DTD XHTML 1.0 Transitional//EN"
    "http://www.w3.org/TR/xhtml1/DTD/xhtml1-transitional.dtd">
<html xmlns="http://www.w3.org/1999/xhtml" xml:lang="en" lang="en">
 <head>
  <title>
</title>
<meta http-equiv="Content-Type" content="text/html;charset=utf-8" />
  <meta name='ocr-system' content='tesseract 3.04.00' />
  <meta name='ocr-capabilities' content='ocr_page ocr_carea ocr_par ocr_line ocrx_word'/>
</head>
<body>
  <div class='ocr_page' id='page_1' title='image "./rerumitalicarums72murauoft_0171.png"; bbox 0 0 2320 3444; ppageno 0'>
   <div class='ocr_carea' id='block_1_1' title="bbox 0 0 104 3444">
    <p class='ocr_par' dir='ltr' id='par_1_1' title="bbox 0 0 104 3444">
     <span class='ocr_line' id='line_1_1' title="bbox 0 0 104 3444; baseline 0 0"><span class='ocrx_word' id='word_1_1' title='bbox 0 0 104 3444; x_wconf 95' lang='lat' dir='ltr'><strong>       </strong></span> 
     </span>
    </p>
   </div>
   <div class='ocr_carea' id='block_1_2' title="bbox 118 213 289 251">
    <p class='ocr_par' dir='ltr' id='par_1_2' title="bbox 118 213 289 251">
     <span class='ocr_line' id='line_1_2' title="bbox 118 213 289 251; baseline -0.006 -8"><span class='ocrx_word' id='word_1_2' title='bbox 118 213 172 251; x_wconf 77' lang='grc' dir='ltr'><strong>[Α.</strong></span> <span class='ocrx_word' id='word_1_3' title='bbox 193 214 289 250; x_wconf 82' lang='lat'><strong>1221]</strong></span> 
     </span>
    </p>
   </div>
   <div class='ocr_carea' id='block_1_3' title="bbox 116 337 959 593">
    <p class='ocr_par' dir='ltr' id='par_1_3' title="bbox 116 337 959 593">
     <span class='ocr_line' id='line_1_3' title="bbox 117 337 959 379; baseline -0.006 -5"><span class='ocrx_word' id='word_1_4' title='bbox 117 342 134 359; x_wconf 74' lang='lat'><em>⁸</em></span> <span class='ocrx_word' id='word_1_5' title='bbox 148 341 318 379; x_wconf 86' lang='lat' dir='ltr'><strong>inuentus,</strong></span> <span class='ocrx_word' id='word_1_6' title='bbox 344 345 379 372; x_wconf 92' lang='lat' dir='ltr'><strong>et</strong></span> <span class='ocrx_word' id='word_1_7' title='bbox 401 339 562 373; x_wconf 88' lang='lat' dir='ltr'><strong>uidemur</strong></span> <span class='ocrx_word' id='word_1_8' title='bbox 585 349 646 372; x_wconf 92' lang='lat' dir='ltr'><strong>eos</strong></span> <span class='ocrx_word' id='word_1_9' title='bbox 669 337 848 371; x_wconf 83' lang='lat' dir='ltr'><strong>beneficio</strong></span> <span class='ocrx_word' id='word_1_10' title='bbox 865 347 959 370; x_wconf 91' lang='lat' dir='ltr'><strong>com-</strong></span> 
     </span>
     <span class='ocr_line' id='line_1_4' title="bbox 119 389 956 433; baseline -0.007 -6"><span class='ocrx_word' id='word_1_11' title='bbox 119 394 257 427; x_wconf 83' lang='lat' dir='ltr'><strong>“munis</strong></span> <span class='ocrx_word' id='word_1_12' title='bbox 288 393 409 427; x_wconf 88' lang='lat' dir='ltr'><strong>solacii</strong></span> <span class='ocrx_word' id='word_1_13' title='bbox 439 392 638 431; x_wconf 78' lang='lat' dir='ltr'><strong>destituere,</strong></span> <span class='ocrx_word' id='word_1_14' title='bbox 661 397 778 425; x_wconf 88' lang='lat' dir='ltr'><strong>tamen</strong></span> <span class='ocrx_word' id='word_1_15' title='bbox 802 389 898 433; x_wconf 89' lang='lat' dir='ltr'><strong>quod</strong></span> <span class='ocrx_word' id='word_1_16' title='bbox 921 389 956 421; x_wconf 89' lang='lat' dir='ltr'><strong>in</strong></span> 
     </span>
     <span class='ocr_line' id='line_1_5' title="bbox 117 442 954 489; baseline -0.006 -9"><span class='ocrx_word' id='word_1_17' title='bbox 117 448 383 489; x_wconf 79' lang='lat' dir='ltr'><strong>“contemptum</strong></span> <span class='ocrx_word' id='word_1_18' title='bbox 409 451 443 480; x_wconf 91' lang='lat' dir='ltr'><strong>et</strong></span> <span class='ocrx_word' id='word_1_19' title='bbox 472 445 723 488; x_wconf 79' lang='lat' dir='ltr'>blasphemiam</span> <span class='ocrx_word' id='word_1_20' title='bbox 755 442 867 477; x_wconf 87' lang='lat' dir='ltr'><strong>diuini</strong></span> <span class='ocrx_word' id='word_1_21' title='bbox 895 452 954 475; x_wconf 89' lang='lat' dir='ltr'><strong>no·</strong></span> 
     </span>
     <span class='ocr_line' id='line_1_6' title="bbox 116 495 956 542; baseline -0.006 -10"><span class='ocrx_word' id='word_1_22' title='bbox 116 499 247 533; x_wconf 78' lang='lat' dir='ltr'><strong>“minis</strong></span> <span class='ocrx_word' id='word_1_23' title='bbox 269 505 305 533; x_wconf 93' lang='lat' dir='ltr'><strong>et</strong></span> <span class='ocrx_word' id='word_1_24' title='bbox 328 498 552 542; x_wconf 82' lang='lat' dir='ltr'>obprobrium</span> <span class='ocrx_word' id='word_1_25' title='bbox 575 498 665 531; x_wconf 80' lang='lat' dir='ltr'><strong>fidei</strong></span> <span class='ocrx_word' id='word_1_26' title='bbox 688 497 877 531; x_wconf 76' lang='lat' dir='ltr'><strong>christiane</strong></span> <span class='ocrx_word' id='word_1_27' title='bbox 904 495 956 527; x_wconf 93' lang='lat' dir='ltr'><strong>lu-</strong></span> 
     </span>
     <span class='ocr_line' id='line_1_7' title="bbox 117 550 955 593; baseline -0.007 -7"><span class='ocrx_word' id='word_1_28' title='bbox 117 555 132 572; x_wconf 84' lang='lat'>“</span> <span class='ocrx_word' id='word_1_29' title='bbox 144 564 250 593; x_wconf 89' lang='lat' dir='ltr'><strong>sores,</strong></span> <span class='ocrx_word' id='word_1_30' title='bbox 274 553 355 586; x_wconf 89' lang='lat' dir='ltr'><strong>dum</strong></span> <span class='ocrx_word' id='word_1_31' title='bbox 378 563 456 585; x_wconf 86' lang='lat' dir='ltr'><strong>suas</strong></span> <span class='ocrx_word' id='word_1_32' title='bbox 472 552 668 585; x_wconf 88' lang='lat' dir='ltr'><strong>admictunt</strong></span> <span class='ocrx_word' id='word_1_33' title='bbox 684 550 859 593; x_wconf 80' lang='lat' dir='ltr'><strong>pecunias,</strong></span> <span class='ocrx_word' id='word_1_34' title='bbox 875 558 955 591; x_wconf 90' lang='lat' dir='ltr'><strong>pro-</strong></span> 
     </span>
    </p>
   </div>
   <div class='ocr_carea' id='block_1_4' title="bbox 117 601 977 651">
    <p class='ocr_par' dir='ltr' id='par_1_4' title="bbox 117 601 977 651">
     <span class='ocr_line' id='line_1_8' title="bbox 117 601 977 651; baseline -0.007 -12"><span class='ocrx_word' id='word_1_35' title='bbox 117 607 238 639; x_wconf 77' lang='lat' dir='ltr'><strong>“ferre</strong></span> <span class='ocrx_word' id='word_1_36' title='bbox 269 617 341 639; x_wconf 91' lang='lat' dir='ltr'><strong>non</strong></span> <span class='ocrx_word' id='word_1_37' title='bbox 363 605 536 644; x_wconf 87' lang='lat' dir='ltr'><strong>dubitant,</strong></span> <span class='ocrx_word' id='word_1_38' title='bbox 568 603 731 637; x_wconf 88' lang='lat' dir='ltr'><strong>debemus</strong></span> <span class='ocrx_word' id='word_1_39' title='bbox 759 602 842 637; x_wconf 87' lang='lat' dir='ltr'><strong>totis</strong></span> <span class='ocrx_word' id='word_1_40' title='bbox 873 601 977 651; x_wconf 12' lang='lat' dir='ltr'><strong>iuri-r</strong></span> 
     </span>
    </p>
   </div>
   <div class='ocr_carea' id='block_1_5' title="bbox 109 655 955 2199">
    <p class='ocr_par' dir='ltr' id='par_1_5' title="bbox 109 655 955 2199">
     <span class='ocr_line' id='line_1_9' title="bbox 115 655 955 701; baseline -0.01 -7"><span class='ocrx_word' id='word_1_41' title='bbox 115 661 130 678; x_wconf 78' lang='lat'>⁸</span> <span class='ocrx_word' id='word_1_42' title='bbox 144 660 208 694; x_wconf 92' lang='lat' dir='ltr'><strong>bus</strong></span> <span class='ocrx_word' id='word_1_43' title='bbox 238 661 406 693; x_wconf 90' lang='lat' dir='ltr'><strong>inhibere.</strong></span> <span class='ocrx_word' id='word_1_44' title='bbox 451 658 529 691; x_wconf 90' lang='lat' dir='ltr'><strong>Hac</strong></span> <span class='ocrx_word' id='word_1_45' title='bbox 559 658 677 701; x_wconf 90' lang='lat' dir='ltr'><strong>itaque</strong></span> <span class='ocrx_word' id='word_1_46' title='bbox 709 655 854 689; x_wconf 84' lang='lat' dir='ltr'><strong>edictali</strong></span> <span class='ocrx_word' id='word_1_47' title='bbox 876 655 955 698; x_wconf 89' lang='lat' dir='ltr'><strong>lege</strong></span> 
     </span>
     <span class='ocr_line' id='line_1_10' title="bbox 115 708 955 757; baseline -0.008 -10"><span class='ocrx_word' id='word_1_48' title='bbox 115 715 131 732; x_wconf 82' lang='lat'>“</span> <span class='ocrx_word' id='word_1_49' title='bbox 144 714 180 746; x_wconf 84' lang='lat' dir='ltr'><strong>in</strong></span> <span class='ocrx_word' id='word_1_50' title='bbox 197 719 400 757; x_wconf 88' lang='lat' dir='ltr'><strong>perpetuum</strong></span> <span class='ocrx_word' id='word_1_51' title='bbox 417 712 564 746; x_wconf 82' lang='lat' dir='ltr'><strong>ualitura</strong></span> <span class='ocrx_word' id='word_1_52' title='bbox 579 710 760 748; x_wconf 76' lang='lat' dir='ltr'><strong>sancimus,</strong></span> <span class='ocrx_word' id='word_1_53' title='bbox 782 715 820 742; x_wconf 93' lang='lat' dir='ltr'><strong>ut</strong></span> <span class='ocrx_word' id='word_1_54' title='bbox 842 708 955 741; x_wconf 89' lang='lat' dir='ltr'><strong>nullus</strong></span> 
     </span>
     <span class='ocr_line' id='line_1_11' title="bbox 116 763 954 800; baseline -0.008 0"><span class='ocrx_word' id='word_1_55' title='bbox 116 767 190 800; x_wconf 78' lang='lat' dir='ltr'><strong>‘de</strong></span> <span class='ocrx_word' id='word_1_56' title='bbox 214 773 334 800; x_wconf 89' lang='lat' dir='ltr'><strong>cetero</strong></span> <span class='ocrx_word' id='word_1_57' title='bbox 358 767 469 799; x_wconf 89' lang='lat' dir='ltr'><strong>Deum</strong></span> <span class='ocrx_word' id='word_1_58' title='bbox 493 771 528 798; x_wconf 93' lang='lat' dir='ltr'><strong>et</strong></span> <span class='ocrx_word' id='word_1_59' title='bbox 550 763 783 797; x_wconf 85' lang='lat' dir='ltr'><strong>beatissimam</strong></span> <span class='ocrx_word' id='word_1_60' title='bbox 808 767 954 794; x_wconf 85' lang='lat' dir='ltr'><strong>matrem</strong></span> 
     </span>
     <span class='ocr_line' id='line_1_12' title="bbox 113 813 955 859; baseline -0.01 -5"><span class='ocrx_word' id='word_1_61' title='bbox 113 820 128 837; x_wconf 77' lang='lat'><strong>‘⁶</strong></span> <span class='ocrx_word' id='word_1_62' title='bbox 143 821 217 853; x_wconf 89' lang='lat' dir='ltr'><strong>eius</strong></span> <span class='ocrx_word' id='word_1_63' title='bbox 239 826 275 853; x_wconf 91' lang='lat' dir='ltr'><strong>et</strong></span> <span class='ocrx_word' id='word_1_64' title='bbox 296 825 438 853; x_wconf 86' lang='lat' dir='ltr'><strong>sanctos</strong></span> <span class='ocrx_word' id='word_1_65' title='bbox 457 817 591 851; x_wconf 88' lang='lat' dir='ltr'><strong>inludo</strong></span> <span class='ocrx_word' id='word_1_66' title='bbox 620 817 696 859; x_wconf 90' lang='lat' dir='ltr'><strong>ipso</strong></span> <span class='ocrx_word' id='word_1_67' title='bbox 719 815 776 848; x_wconf 92' lang='lat' dir='ltr'><strong>uel</strong></span> <span class='ocrx_word' id='word_1_68' title='bbox 800 813 955 858; x_wconf 85' lang='lat' dir='ltr'><strong>quolibet</strong></span> 
     </span>
     <span class='ocr_line' id='line_1_13' title="bbox 113 870 954 913; baseline -0.01 -6"><span class='ocrx_word' id='word_1_69' title='bbox 113 873 211 907; x_wconf 78' lang='lat' dir='ltr'><strong>“alio</strong></span> <span class='ocrx_word' id='word_1_70' title='bbox 234 873 318 906; x_wconf 91' lang='lat' dir='ltr'><strong>ludo</strong></span> <span class='ocrx_word' id='word_1_71' title='bbox 341 883 403 906; x_wconf 89' lang='lat' dir='ltr'><strong>seu</strong></span> <span class='ocrx_word' id='word_1_72' title='bbox 432 872 537 904; x_wconf 88' lang='lat' dir='ltr'><strong>modo</strong></span> <span class='ocrx_word' id='word_1_73' title='bbox 568 870 809 913; x_wconf 80' lang='lat' dir='ltr'><strong>blasphemare</strong></span> <span class='ocrx_word' id='word_1_74' title='bbox 832 877 954 910; x_wconf 88' lang='lat' dir='ltr'><strong>presu-</strong></span> 
     </span>
     <span class='ocr_line' id='line_1_14' title="bbox 114 921 953 960; baseline -0.008 0"><span class='ocrx_word' id='word_1_75' title='bbox 114 929 130 946; x_wconf 75' lang='lat'><strong>“</strong></span> <span class='ocrx_word' id='word_1_76' title='bbox 141 933 212 960; x_wconf 85' lang='lat' dir='ltr'><strong>mat</strong></span> <span class='ocrx_word' id='word_1_77' title='bbox 227 933 286 960; x_wconf 90' lang='lat' dir='ltr'><strong>aut</strong></span> <span class='ocrx_word' id='word_1_78' title='bbox 297 926 412 959; x_wconf 92' lang='lat' dir='ltr'><strong>uerbis</strong></span> <span class='ocrx_word' id='word_1_79' title='bbox 427 923 684 958; x_wconf 85' lang='lat' dir='ltr'><strong>contumeliosis</strong></span> <span class='ocrx_word' id='word_1_80' title='bbox 698 923 868 956; x_wconf 84' lang='lat' dir='ltr'><strong>lacessere</strong></span> <span class='ocrx_word' id='word_1_81' title='bbox 881 921 953 954; x_wconf 89' lang='lat' dir='ltr'><strong>siue</strong></span> 
     </span>
     <span class='ocr_line' id='line_1_15' title="bbox 114 974 952 1024; baseline -0.008 -11"><span class='ocrx_word' id='word_1_82' title='bbox 114 980 308 1024; x_wconf 81' lang='lat' dir='ltr'><strong>“tui-pibus.</strong></span> <span class='ocrx_word' id='word_1_83' title='bbox 354 979 392 1012; x_wconf 90' lang='lat' dir='ltr'><strong>Si</strong></span> <span class='ocrx_word' id='word_1_84' title='bbox 416 978 476 1023; x_wconf 89' lang='lat' dir='ltr'><strong>qui</strong></span> <span class='ocrx_word' id='word_1_85' title='bbox 499 983 611 1010; x_wconf 90' lang='lat' dir='ltr'><strong>autem</strong></span> <span class='ocrx_word' id='word_1_86' title='bbox 628 982 751 1009; x_wconf 85' lang='lat' dir='ltr'><strong>contra</strong></span> <span class='ocrx_word' id='word_1_87' title='bbox 773 975 809 1008; x_wconf 90' lang='lat' dir='ltr'><strong>id</strong></span> <span class='ocrx_word' id='word_1_88' title='bbox 832 974 952 1007; x_wconf 88' lang='lat' dir='ltr'><strong>uenire</strong></span> 
     </span>
     <span class='ocr_line' id='line_1_16' title="bbox 114 1028 953 1077; baseline -0.01 -10"><span class='ocrx_word' id='word_1_89' title='bbox 114 1031 363 1077; x_wconf 81' lang='lat' dir='ltr'><strong>“temptauerit</strong></span> <span class='ocrx_word' id='word_1_90' title='bbox 385 1031 414 1064; x_wconf 92' lang='lat' dir='ltr'><strong>si</strong></span> <span class='ocrx_word' id='word_1_91' title='bbox 436 1031 546 1064; x_wconf 74' lang='lat' dir='ltr'><strong>fuerit</strong></span> <span class='ocrx_word' id='word_1_92' title='bbox 569 1039 697 1068; x_wconf 85' lang='lat' dir='ltr'><strong>comes,</strong></span> <span class='ocrx_word' id='word_1_93' title='bbox 722 1033 823 1062; x_wconf 84' lang='lat' dir='ltr'><strong>extra</strong></span> <span class='ocrx_word' id='word_1_94' title='bbox 846 1028 953 1060; x_wconf 91' lang='lat' dir='ltr'><strong>comi-</strong></span> 
     </span>
     <span class='ocr_line' id='line_1_17' title="bbox 115 1081 952 1128; baseline -0.01 -7"><span class='ocrx_word' id='word_1_95' title='bbox 115 1089 130 1105; x_wconf 83' lang='lat'>“</span> <span class='ocrx_word' id='word_1_96' title='bbox 141 1093 248 1120; x_wconf 83' lang='lat' dir='ltr'><strong>tatum</strong></span> <span class='ocrx_word' id='word_1_97' title='bbox 270 1097 368 1119; x_wconf 87' lang='lat' dir='ltr'><strong>suum</strong></span> <span class='ocrx_word' id='word_1_98' title='bbox 383 1096 447 1128; x_wconf 90' lang='lat' dir='ltr'><strong>per</strong></span> <span class='ocrx_word' id='word_1_99' title='bbox 462 1084 625 1117; x_wconf 87' lang='lat' dir='ltr'><strong>biennum</strong></span> <span class='ocrx_word' id='word_1_100' title='bbox 642 1082 810 1120; x_wconf 80' lang='lat' dir='ltr'><strong>exulabit3</strong></span> <span class='ocrx_word' id='word_1_101' title='bbox 835 1081 864 1114; x_wconf 87' lang='lat' dir='ltr'><strong>si</strong></span> <span class='ocrx_word' id='word_1_102' title='bbox 879 1082 952 1114; x_wconf 79' lang='lat' dir='ltr'><strong>fue-</strong></span> 
     </span>
     <span class='ocr_line' id='line_1_18' title="bbox 112 1135 951 1181; baseline -0.008 -8"><span class='ocrx_word' id='word_1_103' title='bbox 112 1140 186 1173; x_wconf 86' lang='lat' dir='ltr'><strong>“rit</strong></span> <span class='ocrx_word' id='word_1_104' title='bbox 207 1139 304 1178; x_wconf 87' lang='lat' dir='ltr'><strong>baro,</strong></span> <span class='ocrx_word' id='word_1_105' title='bbox 327 1138 476 1172; x_wconf 84' lang='lat' dir='ltr'><strong>exulerit</strong></span> <span class='ocrx_word' id='word_1_106' title='bbox 497 1138 611 1181; x_wconf 87' lang='lat' dir='ltr'><strong>spatio</strong></span> <span class='ocrx_word' id='word_1_107' title='bbox 626 1136 799 1175; x_wconf 84' lang='lat' dir='ltr'><strong>triennali,</strong></span> <span class='ocrx_word' id='word_1_108' title='bbox 823 1135 851 1168; x_wconf 91' lang='lat' dir='ltr'><strong>si</strong></span> <span class='ocrx_word' id='word_1_109' title='bbox 866 1145 951 1167; x_wconf 86' lang='lat' dir='ltr'><strong>uero</strong></span> 
     </span>
     <span class='ocr_line' id='line_1_19' title="bbox 113 1191 952 1231; baseline -0.006 -5"><span class='ocrx_word' id='word_1_110' title='bbox 113 1195 128 1212; x_wconf 73' lang='lat'>⁸</span> <span class='ocrx_word' id='word_1_111' title='bbox 141 1193 240 1226; x_wconf 88' lang='lat' dir='ltr'><strong>miles</strong></span> <span class='ocrx_word' id='word_1_112' title='bbox 263 1192 380 1231; x_wconf 78' lang='lat' dir='ltr'><strong>fuerit,</strong></span> <span class='ocrx_word' id='word_1_113' title='bbox 402 1203 464 1225; x_wconf 87' lang='lat' dir='ltr'><strong>sex</strong></span> <span class='ocrx_word' id='word_1_114' title='bbox 486 1191 584 1224; x_wconf 88' lang='lat' dir='ltr'><strong>annis</strong></span> <span class='ocrx_word' id='word_1_115' title='bbox 609 1196 708 1223; x_wconf 89' lang='lat' dir='ltr'><strong>extra</strong></span> <span class='ocrx_word' id='word_1_116' title='bbox 723 1201 820 1223; x_wconf 88' lang='lat' dir='ltr'><strong>suam</strong></span> <span class='ocrx_word' id='word_1_117' title='bbox 842 1199 952 1222; x_wconf 89' lang='lat' dir='ltr'><strong>mora-</strong></span> 
     </span>
     <span class='ocr_line' id='line_1_20' title="bbox 113 1243 951 1283; baseline -0.006 -3"><span class='ocrx_word' id='word_1_118' title='bbox 113 1246 233 1280; x_wconf 81' lang='lat' dir='ltr'><strong>“bitur</strong></span> <span class='ocrx_word' id='word_1_119' title='bbox 266 1247 498 1283; x_wconf 67' lang='lat' dir='ltr'><strong>mansionem</strong></span> <span class='ocrx_word' id='word_1_120' title='bbox 523 1245 553 1277; x_wconf 89' lang='lat' dir='ltr'><strong>si</strong></span> <span class='ocrx_word' id='word_1_121' title='bbox 587 1244 674 1278; x_wconf 85' lang='lat' dir='ltr'><strong>ciuis</strong></span> <span class='ocrx_word' id='word_1_122' title='bbox 708 1243 835 1276; x_wconf 88' lang='lat' dir='ltr'><strong>nobilis</strong></span> <span class='ocrx_word' id='word_1_123' title='bbox 870 1248 951 1276; x_wconf 91' lang='lat' dir='ltr'><strong>octo</strong></span> 
     </span>
     <span class='ocr_line' id='line_1_21' title="bbox 111 1297 951 1343; baseline -0.008 -9"><span class='ocrx_word' id='word_1_124' title='bbox 111 1301 126 1317; x_wconf 87' lang='lat'>“</span> <span class='ocrx_word' id='word_1_125' title='bbox 139 1300 252 1338; x_wconf 79' lang='lat' dir='ltr'><strong>annis3</strong></span> <span class='ocrx_word' id='word_1_126' title='bbox 277 1299 306 1332; x_wconf 91' lang='lat' dir='ltr'><strong>si</strong></span> <span class='ocrx_word' id='word_1_127' title='bbox 321 1299 484 1343; x_wconf 81' lang='lat' dir='ltr'><strong>ignobilis</strong></span> <span class='ocrx_word' id='word_1_128' title='bbox 497 1299 556 1331; x_wconf 90' lang='lat' dir='ltr'><strong>uel</strong></span> <span class='ocrx_word' id='word_1_129' title='bbox 571 1297 763 1342; x_wconf 85' lang='lat' dir='ltr'><strong>burgensis,</strong></span> <span class='ocrx_word' id='word_1_130' title='bbox 787 1297 951 1340; x_wconf 87' lang='lat' dir='ltr'><strong>linguam,</strong></span> 
     </span>
     <span class='ocr_line' id='line_1_22' title="bbox 113 1350 952 1397; baseline -0.006 -11"><span class='ocrx_word' id='word_1_131' title='bbox 113 1353 270 1397; x_wconf 80' lang='lat' dir='ltr'><strong>“[quam]</strong></span> <span class='ocrx_word' id='word_1_132' title='bbox 293 1353 328 1385; x_wconf 89' lang='lat' dir='ltr'><strong>in</strong></span> <span class='ocrx_word' id='word_1_133' title='bbox 349 1353 511 1385; x_wconf 89' lang='lat' dir='ltr'><strong>iniuriam</strong></span> <span class='ocrx_word' id='word_1_134' title='bbox 535 1351 600 1385; x_wconf 90' lang='lat' dir='ltr'><strong>Dei</strong></span> <span class='ocrx_word' id='word_1_135' title='bbox 616 1357 651 1384; x_wconf 90' lang='lat' dir='ltr'><strong>et</strong></span> <span class='ocrx_word' id='word_1_136' title='bbox 672 1350 852 1384; x_wconf 87' lang='lat' dir='ltr'><strong>celestium</strong></span> <span class='ocrx_word' id='word_1_137' title='bbox 869 1359 952 1383; x_wconf 90' lang='lat' dir='ltr'><strong>con-</strong></span> 
     </span>
     <span class='ocr_line' id='line_1_23' title="bbox 112 1403 951 1445; baseline -0.005 -6"><span class='ocrx_word' id='word_1_138' title='bbox 112 1408 127 1425; x_wconf 81' lang='lat'>‘</span> <span class='ocrx_word' id='word_1_139' title='bbox 140 1407 314 1440; x_wconf 84' lang='lat' dir='ltr'><strong>tumeliam</strong></span> <span class='ocrx_word' id='word_1_140' title='bbox 338 1406 553 1445; x_wconf 84' lang='lat' dir='ltr'><strong>excitauerit‚</strong></span> <span class='ocrx_word' id='word_1_141' title='bbox 578 1405 763 1443; x_wconf 84' lang='lat' dir='ltr'><strong>ammictat,</strong></span> <span class='ocrx_word' id='word_1_142' title='bbox 787 1409 825 1436; x_wconf 90' lang='lat' dir='ltr'><strong>ut</strong></span> <span class='ocrx_word' id='word_1_143' title='bbox 847 1403 883 1435; x_wconf 90' lang='lat' dir='ltr'><strong>in</strong></span> <span class='ocrx_word' id='word_1_144' title='bbox 907 1413 951 1436; x_wconf 91' lang='lat' dir='ltr'><strong>eo</strong></span> 
     </span>
     <span class='ocr_line' id='line_1_24' title="bbox 113 1456 950 1503; baseline -0.005 -10"><span class='ocrx_word' id='word_1_145' title='bbox 113 1461 266 1503; x_wconf 80' lang='lat' dir='ltr'><strong>“penam</strong></span> <span class='ocrx_word' id='word_1_146' title='bbox 290 1460 425 1499; x_wconf 86' lang='lat' dir='ltr'><strong>sentiat,</strong></span> <span class='ocrx_word' id='word_1_147' title='bbox 449 1470 518 1503; x_wconf 93' lang='lat' dir='ltr'><strong>quo</strong></span> <span class='ocrx_word' id='word_1_148' title='bbox 549 1458 705 1502; x_wconf 82' lang='lat' dir='ltr'><strong>deliquit.</strong></span> <span class='ocrx_word' id='word_1_149' title='bbox 727 1458 839 1491; x_wconf 86' lang='lat' dir='ltr'><strong>Lusor</strong></span> <span class='ocrx_word' id='word_1_150' title='bbox 863 1456 950 1500; x_wconf 88' lang='lat' dir='ltr'><strong>pub-</strong></span> 
     </span>
     <span class='ocr_line' id='line_1_25' title="bbox 112 1511 951 1556; baseline -0.004 -10"><span class='ocrx_word' id='word_1_151' title='bbox 112 1514 127 1532; x_wconf 76' lang='lat'>“</span> <span class='ocrx_word' id='word_1_152' title='bbox 141 1513 263 1552; x_wconf 88' lang='lat' dir='ltr'><strong>blicus,</strong></span> <span class='ocrx_word' id='word_1_153' title='bbox 287 1513 345 1556; x_wconf 89' lang='lat' dir='ltr'><strong>qui</strong></span> <span class='ocrx_word' id='word_1_154' title='bbox 369 1513 465 1546; x_wconf 88' lang='lat' dir='ltr'><strong>circa</strong></span> <span class='ocrx_word' id='word_1_155' title='bbox 480 1513 598 1546; x_wconf 92' lang='lat' dir='ltr'><strong>ludum</strong></span> <span class='ocrx_word' id='word_1_156' title='bbox 614 1517 773 1545; x_wconf 89' lang='lat' dir='ltr'><strong>uersatur</strong></span> <span class='ocrx_word' id='word_1_157' title='bbox 788 1511 951 1544; x_wconf 88' lang='lat' dir='ltr'><strong>continue</strong></span> 
     </span>
     <span class='ocr_line' id='line_1_26' title="bbox 110 1565 951 1609; baseline -0.004 -9"><span class='ocrx_word' id='word_1_158' title='bbox 110 1567 336 1600; x_wconf 80' lang='lat' dir='ltr'><strong>“taxillorum</strong></span> <span class='ocrx_word' id='word_1_159' title='bbox 359 1577 437 1599; x_wconf 94' lang='lat' dir='ltr'><strong>cum</strong></span> <span class='ocrx_word' id='word_1_160' title='bbox 461 1565 679 1599; x_wconf 87' lang='lat' dir='ltr'><strong>ammissione</strong></span> <span class='ocrx_word' id='word_1_161' title='bbox 711 1565 826 1609; x_wconf 89' lang='lat' dir='ltr'><strong>lingue</strong></span> <span class='ocrx_word' id='word_1_162' title='bbox 847 1575 951 1597; x_wconf 87' lang='lat' dir='ltr'><strong>manu</strong></span> 
     </span>
     <span class='ocr_line' id='line_1_27' title="bbox 113 1619 951 1662; baseline -0.004 -8"><span class='ocrx_word' id='word_1_163' title='bbox 113 1622 128 1639; x_wconf 76' lang='lat'><strong>‘⁶</strong></span> <span class='ocrx_word' id='word_1_164' title='bbox 141 1621 259 1654; x_wconf 83' lang='lat' dir='ltr'><strong>destra</strong></span> <span class='ocrx_word' id='word_1_165' title='bbox 281 1620 466 1659; x_wconf 89' lang='lat' dir='ltr'><strong>mutiletur,</strong></span> <span class='ocrx_word' id='word_1_166' title='bbox 489 1619 517 1652; x_wconf 91' lang='lat' dir='ltr'><strong>si</strong></span> <span class='ocrx_word' id='word_1_167' title='bbox 541 1631 561 1652; x_wconf 90' lang='lat' dir='ltr'><strong>a</strong></span> <span class='ocrx_word' id='word_1_168' title='bbox 577 1619 802 1662; x_wconf 87' lang='lat' dir='ltr'><strong>blasphemiis</strong></span> <span class='ocrx_word' id='word_1_169' title='bbox 826 1625 860 1652; x_wconf 92' lang='lat' dir='ltr'><strong>et</strong></span> <span class='ocrx_word' id='word_1_170' title='bbox 874 1629 951 1662; x_wconf 86' lang='lat' dir='ltr'><strong>pro-</strong></span> 
     </span>
     <span class='ocr_line' id='line_1_28' title="bbox 113 1672 953 1708; baseline -0.002 -1"><span class='ocrx_word' id='word_1_171' title='bbox 113 1676 128 1693; x_wconf 79' lang='lat'><strong>“</strong></span> <span class='ocrx_word' id='word_1_172' title='bbox 139 1674 257 1707; x_wconf 87' lang='lat' dir='ltr'><strong>hibitis</strong></span> <span class='ocrx_word' id='word_1_173' title='bbox 270 1674 405 1708; x_wconf 91' lang='lat' dir='ltr'><strong>iniuriis</strong></span> <span class='ocrx_word' id='word_1_174' title='bbox 419 1684 490 1707; x_wconf 89' lang='lat' dir='ltr'><strong>non</strong></span> <span class='ocrx_word' id='word_1_175' title='bbox 506 1673 641 1706; x_wconf 89' lang='lat' dir='ltr'><strong>curauit</strong></span> <span class='ocrx_word' id='word_1_176' title='bbox 655 1672 828 1705; x_wconf 88' lang='lat' dir='ltr'><strong>abstinere</strong></span> <span class='ocrx_word' id='word_1_177' title='bbox 841 1672 863 1706; x_wconf 86' lang='lat'><strong>¹.</strong></span> <span class='ocrx_word' id='word_1_178' title='bbox 888 1673 953 1706; x_wconf 90' lang='lat' dir='ltr'><strong>Sa·</strong></span> 
     </span>
     <span class='ocr_line' id='line_1_29' title="bbox 112 1726 951 1772; baseline 0 -12"><span class='ocrx_word' id='word_1_179' title='bbox 112 1729 128 1746; x_wconf 67' lang='lat'>²</span> <span class='ocrx_word' id='word_1_180' title='bbox 142 1728 316 1767; x_wconf 88' lang='lat' dir='ltr'><strong>cerdotes,</strong></span> <span class='ocrx_word' id='word_1_181' title='bbox 347 1727 407 1772; x_wconf 89' lang='lat' dir='ltr'><strong>qui</strong></span> <span class='ocrx_word' id='word_1_182' title='bbox 436 1727 474 1760; x_wconf 89' lang='lat' dir='ltr'><strong>in</strong></span> <span class='ocrx_word' id='word_1_183' title='bbox 505 1727 634 1770; x_wconf 90' lang='lat' dir='ltr'><strong>vi[ne]a</strong></span> <span class='ocrx_word' id='word_1_184' title='bbox 663 1726 796 1759; x_wconf 90' lang='lat' dir='ltr'><strong>domini</strong></span> <span class='ocrx_word' id='word_1_185' title='bbox 819 1726 951 1760; x_wconf 88' lang='lat' dir='ltr'><strong>Sabaot</strong></span> 
     </span>
     <span class='ocr_line' id='line_1_30' title="bbox 112 1779 952 1826; baseline -0.005 -10"><span class='ocrx_word' id='word_1_186' title='bbox 112 1782 299 1826; x_wconf 79' lang='lat' dir='ltr'><strong>‘deputati</strong></span> <span class='ocrx_word' id='word_1_187' title='bbox 322 1787 403 1814; x_wconf 90' lang='lat' dir='ltr'><strong>sunt</strong></span> <span class='ocrx_word' id='word_1_188' title='bbox 425 1781 470 1814; x_wconf 90' lang='lat' dir='ltr'><strong>ad</strong></span> <span class='ocrx_word' id='word_1_189' title='bbox 493 1780 700 1823; x_wconf 90' lang='lat' dir='ltr'><strong>obsequium</strong></span> <span class='ocrx_word' id='word_1_190' title='bbox 731 1779 893 1813; x_wconf 83' lang='lat' dir='ltr'><strong>crucifixi</strong></span> <span class='ocrx_word' id='word_1_191' title='bbox 918 1786 952 1813; x_wconf 88' lang='lat' dir='ltr'><strong>et</strong></span> 
     </span>
     <span class='ocr_line' id='line_1_31' title="bbox 109 1833 951 1877; baseline -0.004 -9"><span class='ocrx_word' id='word_1_192' title='bbox 109 1836 124 1854; x_wconf 80' lang='lat'>⁸</span> <span class='ocrx_word' id='word_1_193' title='bbox 139 1836 212 1869; x_wconf 90' lang='lat' dir='ltr'><strong>eius</strong></span> <span class='ocrx_word' id='word_1_194' title='bbox 235 1834 384 1868; x_wconf 87' lang='lat' dir='ltr'><strong>canticis</strong></span> <span class='ocrx_word' id='word_1_195' title='bbox 406 1833 605 1877; x_wconf 84' lang='lat' dir='ltr'><strong>specialiter</strong></span> <span class='ocrx_word' id='word_1_196' title='bbox 628 1833 801 1873; x_wconf 87' lang='lat' dir='ltr'><strong>destinati,</strong></span> <span class='ocrx_word' id='word_1_197' title='bbox 816 1833 861 1866; x_wconf 93' lang='lat' dir='ltr'><strong>ab</strong></span> <span class='ocrx_word' id='word_1_198' title='bbox 884 1833 951 1866; x_wconf 87' lang='lat' dir='ltr'><strong>hac</strong></span> 
     </span>
     <span class='ocr_line' id='line_1_32' title="bbox 112 1886 951 1922; baseline -0.004 0"><span class='ocrx_word' id='word_1_199' title='bbox 112 1890 127 1907; x_wconf 79' lang='lat'><strong>‘⁶</strong></span> <span class='ocrx_word' id='word_1_200' title='bbox 138 1889 358 1922; x_wconf 86' lang='lat' dir='ltr'><strong>costitutione</strong></span> <span class='ocrx_word' id='word_1_201' title='bbox 373 1899 410 1922; x_wconf 90' lang='lat' dir='ltr'><strong>se</strong></span> <span class='ocrx_word' id='word_1_202' title='bbox 423 1887 585 1920; x_wconf 89' lang='lat' dir='ltr'><strong>nouerint</strong></span> <span class='ocrx_word' id='word_1_203' title='bbox 599 1897 669 1920; x_wconf 91' lang='lat' dir='ltr'><strong>non</strong></span> <span class='ocrx_word' id='word_1_204' title='bbox 681 1886 843 1920; x_wconf 89' lang='lat' dir='ltr'><strong>esclusos.</strong></span> <span class='ocrx_word' id='word_1_205' title='bbox 855 1886 951 1920; x_wconf 88' lang='lat' dir='ltr'><strong>Man-</strong></span> 
     </span>
     <span class='ocr_line' id='line_1_33' title="bbox 112 1940 950 1986; baseline -0.002 -11"><span class='ocrx_word' id='word_1_206' title='bbox 112 1942 255 1975; x_wconf 75' lang='lat' dir='ltr'><strong>“damus</strong></span> <span class='ocrx_word' id='word_1_207' title='bbox 266 1941 375 1986; x_wconf 87' lang='lat' dir='ltr'><strong>igitur</strong></span> <span class='ocrx_word' id='word_1_208' title='bbox 389 1941 440 1974; x_wconf 88' lang='lat' dir='ltr'><strong>eis</strong></span> <span class='ocrx_word' id='word_1_209' title='bbox 453 1947 486 1974; x_wconf 91' lang='lat' dir='ltr'><strong>et</strong></span> <span class='ocrx_word' id='word_1_210' title='bbox 502 1940 656 1974; x_wconf 86' lang='lat' dir='ltr'><strong>districte</strong></span> <span class='ocrx_word' id='word_1_211' title='bbox 673 1940 896 1983; x_wconf 85' lang='lat' dir='ltr'><strong>precipimus,</strong></span> <span class='ocrx_word' id='word_1_212' title='bbox 913 1946 950 1973; x_wconf 90' lang='lat' dir='ltr'><strong>ut</strong></span> 
     </span>
     <span class='ocr_line' id='line_1_34' title="bbox 112 1994 947 2039; baseline -0.005 -9"><span class='ocrx_word' id='word_1_213' title='bbox 112 1997 161 2029; x_wconf 80' lang='lat' dir='ltr'><strong>“a</strong></span> <span class='ocrx_word' id='word_1_214' title='bbox 182 1996 266 2030; x_wconf 89' lang='lat' dir='ltr'><strong>ludo</strong></span> <span class='ocrx_word' id='word_1_215' title='bbox 289 1995 494 2039; x_wconf 85' lang='lat' dir='ltr'><strong>proditionis</strong></span> <span class='ocrx_word' id='word_1_216' title='bbox 525 1994 719 2027; x_wconf 88' lang='lat' dir='ltr'><strong>abstineant</strong></span> <span class='ocrx_word' id='word_1_217' title='bbox 752 1994 947 2027; x_wconf 90' lang='lat' dir='ltr'><strong>secundum</strong></span> 
     </span>
     <span class='ocr_line' id='line_1_35' title="bbox 112 2045 950 2085; baseline -0.005 -2"><span class='ocrx_word' id='word_1_218' title='bbox 112 2049 343 2083; x_wconf 78' lang='lat' dir='ltr'><strong>“canonicam</strong></span> <span class='ocrx_word' id='word_1_219' title='bbox 377 2047 576 2081; x_wconf 89' lang='lat' dir='ltr'><strong>iussionem.</strong></span> <span class='ocrx_word' id='word_1_220' title='bbox 621 2045 728 2085; x_wconf 85' lang='lat' dir='ltr'><strong>Quod</strong></span> <span class='ocrx_word' id='word_1_221' title='bbox 762 2047 791 2079; x_wconf 89' lang='lat' dir='ltr'><strong>si</strong></span> <span class='ocrx_word' id='word_1_222' title='bbox 831 2057 950 2080; x_wconf 92' lang='lat' dir='ltr'><strong>eorum</strong></span> 
     </span>
     <span class='ocr_line' id='line_1_36' title="bbox 111 2099 948 2146; baseline -0.006 -9"><span class='ocrx_word' id='word_1_223' title='bbox 111 2105 126 2122; x_wconf 79' lang='lat'>⁸</span> <span class='ocrx_word' id='word_1_224' title='bbox 138 2102 264 2146; x_wconf 75' lang='lat' dir='ltr'><strong>aliquis</strong></span> <span class='ocrx_word' id='word_1_225' title='bbox 286 2102 348 2145; x_wconf 90' lang='lat' dir='ltr'><strong>[in]</strong></span> <span class='ocrx_word' id='word_1_226' title='bbox 371 2101 485 2134; x_wconf 89' lang='lat' dir='ltr'><strong>anime</strong></span> <span class='ocrx_word' id='word_1_227' title='bbox 508 2111 568 2134; x_wconf 90' lang='lat' dir='ltr'><strong>sue</strong></span> <span class='ocrx_word' id='word_1_228' title='bbox 585 2099 806 2144; x_wconf 86' lang='lat' dir='ltr'><strong>dispendium</strong></span> <span class='ocrx_word' id='word_1_229' title='bbox 821 2107 857 2134; x_wconf 88' lang='lat' dir='ltr'><strong>et</strong></span> <span class='ocrx_word' id='word_1_230' title='bbox 870 2111 948 2145; x_wconf 90' lang='lat' dir='ltr'><strong>gra-</strong></span> 
     </span>
     <span class='ocr_line' id='line_1_37' title="bbox 111 2154 950 2199; baseline -0.004 -9"><span class='ocrx_word' id='word_1_231' title='bbox 111 2158 272 2199; x_wconf 78' lang='lat' dir='ltr'><strong>‘uamen‚</strong></span> <span class='ocrx_word' id='word_1_232' title='bbox 295 2156 364 2189; x_wconf 89' lang='lat' dir='ltr'><strong>hoc</strong></span> <span class='ocrx_word' id='word_1_233' title='bbox 387 2154 581 2199; x_wconf 86' lang='lat' dir='ltr'><strong>neglexerit</strong></span> <span class='ocrx_word' id='word_1_234' title='bbox 603 2154 805 2197; x_wconf 84' lang='lat' dir='ltr'><strong>adimplere,</strong></span> <span class='ocrx_word' id='word_1_235' title='bbox 827 2154 950 2187; x_wconf 87' lang='lat' dir='ltr'><strong>saltem</strong></span> 
     </span>
    </p>
   </div>
   <div class='ocr_carea' id='block_1_6' title="bbox 18 2208 951 2572">
    <p class='ocr_par' dir='ltr' id='par_1_6' title="bbox 18 2201 951 2572">
     <span class='ocr_line' id='line_1_38' title="bbox 53 2208 949 2252; baseline -0.004 -8.142"><span class='ocrx_word' id='word_1_236' title='bbox 53 2214 59 2252; x_wconf 48' lang='grc' dir='ltr'><em>ᾗ</em></span> <span class='ocrx_word' id='word_1_237' title='bbox 111 2212 126 2229; x_wconf 77' lang='grc'><em>“</em></span> <span class='ocrx_word' id='word_1_238' title='bbox 139 2209 185 2244; x_wconf 94' lang='lat' dir='ltr'><strong>ob</strong></span> <span class='ocrx_word' id='word_1_239' title='bbox 206 2209 436 2243; x_wconf 87' lang='lat' dir='ltr'><strong>reuerentiam</strong></span> <span class='ocrx_word' id='word_1_240' title='bbox 453 2215 486 2242; x_wconf 86' lang='lat' dir='ltr'><strong>et</strong></span> <span class='ocrx_word' id='word_1_241' title='bbox 501 2209 660 2242; x_wconf 89' lang='lat' dir='ltr'><strong>intuitum</strong></span> <span class='ocrx_word' id='word_1_242' title='bbox 677 2208 788 2241; x_wconf 86' lang='lat' dir='ltr'><strong>diuini</strong></span> <span class='ocrx_word' id='word_1_243' title='bbox 805 2208 949 2248; x_wconf 87' lang='lat' dir='ltr'><strong>ordinis,</strong></span> 
     </span>
     <span class='ocr_line' id='line_1_39' title="bbox 108 2261 949 2308; baseline -0.002 -13.193"><span class='ocrx_word' id='word_1_244' title='bbox 108 2262 124 2281; x_wconf 74' lang='lat'><strong>‘⁴</strong></span> <span class='ocrx_word' id='word_1_245' title='bbox 139 2275 183 2297; x_wconf 91' lang='lat' dir='ltr'><strong>ne</strong></span> <span class='ocrx_word' id='word_1_246' title='bbox 206 2264 316 2308; x_wconf 84' lang='lat' dir='ltr'><strong>laycis</strong></span> <span class='ocrx_word' id='word_1_247' title='bbox 339 2261 536 2305; x_wconf 81' lang='lat' dir='ltr'><strong>exemplum</strong></span> <span class='ocrx_word' id='word_1_248' title='bbox 559 2261 688 2295; x_wconf 88' lang='lat' dir='ltr'><strong>tribuat</strong></span> <span class='ocrx_word' id='word_1_249' title='bbox 711 2261 949 2305; x_wconf 83' lang='lat' dir='ltr'><strong>delinquendi,</strong></span> 
     </span>
     <span class='ocr_line' id='line_1_40' title="bbox 18 2314 951 2361; baseline -0.005 -9"><span class='ocrx_word' id='word_1_250' title='bbox 18 2339 22 2352; x_wconf 62' lang='lat'>2</span> <span class='ocrx_word' id='word_1_251' title='bbox 53 2315 55 2317; x_wconf 74' lang='grc'><strong>’</strong></span> <span class='ocrx_word' id='word_1_252' title='bbox 110 2316 263 2361; x_wconf 78' lang='lat' dir='ltr'><strong>“quibus</strong></span> <span class='ocrx_word' id='word_1_253' title='bbox 285 2326 439 2349; x_wconf 85' lang='lat' dir='ltr'><strong>normam</strong></span> <span class='ocrx_word' id='word_1_254' title='bbox 462 2321 558 2348; x_wconf 91' lang='lat' dir='ltr'><strong>recte</strong></span> <span class='ocrx_word' id='word_1_255' title='bbox 579 2314 723 2348; x_wconf 87' lang='lat' dir='ltr'><strong>uiuendi</strong></span> <span class='ocrx_word' id='word_1_256' title='bbox 746 2315 884 2348; x_wconf 80' lang='lat' dir='ltr'><strong>tradere</strong></span> <span class='ocrx_word' id='word_1_257' title='bbox 915 2321 951 2348; x_wconf 89' lang='lat' dir='ltr'><strong>et</strong></span> 
     </span>
     <span class='ocr_line' id='line_1_41' title="bbox 20 2367 949 2413; baseline -0.003 -10"><span class='ocrx_word' id='word_1_258' title='bbox 20 2375 29 2386; x_wconf 74' lang='grc'><strong>“·</strong></span> <span class='ocrx_word' id='word_1_259' title='bbox 51 2395 61 2407; x_wconf 63' lang='grc'><strong>,,</strong></span> <span class='ocrx_word' id='word_1_260' title='bbox 109 2370 124 2387; x_wconf 78' lang='grc'>“</span> <span class='ocrx_word' id='word_1_261' title='bbox 138 2370 322 2413; x_wconf 89' lang='lat' dir='ltr'><strong>predicare</strong></span> <span class='ocrx_word' id='word_1_262' title='bbox 346 2374 492 2407; x_wconf 84' lang='lat' dir='ltr'><strong>tenetur,</strong></span> <span class='ocrx_word' id='word_1_263' title='bbox 508 2378 528 2401; x_wconf 87' lang='lat' dir='ltr'><strong>a</strong></span> <span class='ocrx_word' id='word_1_264' title='bbox 543 2367 766 2411; x_wconf 87' lang='lat' dir='ltr'><strong>blasphemiis</strong></span> <span class='ocrx_word' id='word_1_265' title='bbox 782 2373 817 2401; x_wconf 90' lang='lat' dir='ltr'><strong>et</strong></span> <span class='ocrx_word' id='word_1_266' title='bbox 833 2368 949 2411; x_wconf 88' lang='lat' dir='ltr'><strong>prohi-</strong></span> 
     </span>
     <span class='ocr_line' id='line_1_42' title="bbox 20 2421 947 2456; baseline -0.001 0"><span class='ocrx_word' id='word_1_267' title='bbox 20 2423 23 2431; x_wconf 76' lang='lat'>²</span> <span class='ocrx_word' id='word_1_268' title='bbox 61 2423 69 2428; x_wconf 80' lang='grc'><strong>“’</strong></span> <span class='ocrx_word' id='word_1_269' title='bbox 107 2422 219 2456; x_wconf 78' lang='lat' dir='ltr'><strong>“bitis</strong></span> <span class='ocrx_word' id='word_1_270' title='bbox 242 2422 378 2455; x_wconf 87' lang='lat' dir='ltr'><strong>iniuriis</strong></span> <span class='ocrx_word' id='word_1_271' title='bbox 407 2421 582 2455; x_wconf 86' lang='lat' dir='ltr'><strong>abstineat</strong></span> <span class='ocrx_word' id='word_1_272' title='bbox 615 2428 650 2454; x_wconf 91' lang='lat' dir='ltr'><strong>et</strong></span> <span class='ocrx_word' id='word_1_273' title='bbox 679 2421 748 2455; x_wconf 88' lang='lat' dir='ltr'><strong>oris</strong></span> <span class='ocrx_word' id='word_1_274' title='bbox 778 2422 830 2454; x_wconf 91' lang='lat' dir='ltr'><strong>sui</strong></span> <span class='ocrx_word' id='word_1_275' title='bbox 855 2421 947 2455; x_wconf 86' lang='lat' dir='ltr'><strong>labia</strong></span> 
     </span>
     <span class='ocr_line' id='line_1_43' title="bbox 20 2470 948 2519; baseline -0.003 -9"><span class='ocrx_word' id='word_1_276' title='bbox 20 2478 29 2517; x_wconf 46' lang='grc' dir='ltr'>ᾗ</span> <span class='ocrx_word' id='word_1_277' title='bbox 50 2470 55 2487; x_wconf 70' lang='grc'><strong><em>”</em></strong></span> <span class='ocrx_word' id='word_1_278' title='bbox 108 2476 124 2494; x_wconf 81' lang='grc'>“</span> <span class='ocrx_word' id='word_1_279' title='bbox 139 2476 379 2515; x_wconf 83' lang='lat' dir='ltr'><strong>circumcidat,</strong></span> <span class='ocrx_word' id='word_1_280' title='bbox 403 2486 471 2519; x_wconf 90' lang='lat' dir='ltr'><strong>que</strong></span> <span class='ocrx_word' id='word_1_281' title='bbox 494 2475 529 2507; x_wconf 91' lang='lat' dir='ltr'><strong>in</strong></span> <span class='ocrx_word' id='word_1_282' title='bbox 545 2475 682 2508; x_wconf 88' lang='lat' dir='ltr'><strong>laudem</strong></span> <span class='ocrx_word' id='word_1_283' title='bbox 701 2474 840 2508; x_wconf 86' lang='lat' dir='ltr'><strong>Domini</strong></span> <span class='ocrx_word' id='word_1_284' title='bbox 864 2485 948 2508; x_wconf 91' lang='lat' dir='ltr'><strong>con-</strong></span> 
     </span>
     <span class='ocr_line' id='line_1_44' title="bbox 21 2523 947 2572; baseline -0.004 -8"><span class='ocrx_word' id='word_1_285' title='bbox 21 2523 25 2527; x_wconf 48' lang='lat'><em>¹</em></span> <span class='ocrx_word' id='word_1_286' title='bbox 110 2531 125 2548; x_wconf 82' lang='lat'>“</span> <span class='ocrx_word' id='word_1_287' title='bbox 137 2530 232 2564; x_wconf 82' lang='lat' dir='ltr'><strong>tinne</strong></span> <span class='ocrx_word' id='word_1_288' title='bbox 245 2529 381 2572; x_wconf 90' lang='lat' dir='ltr'><strong>aperire</strong></span> <span class='ocrx_word' id='word_1_289' title='bbox 398 2527 552 2566; x_wconf 67' lang='lat' dir='ltr'><strong>tenetur-,¹</strong></span> <span class='ocrx_word' id='word_1_290' title='bbox 569 2527 681 2560; x_wconf 90' lang='lat' dir='ltr'><strong>sciens</strong></span> <span class='ocrx_word' id='word_1_291' title='bbox 696 2537 759 2570; x_wconf 90' lang='lat' dir='ltr'><strong>pro</strong></span> <span class='ocrx_word' id='word_1_292' title='bbox 776 2528 947 2561; x_wconf 89' lang='lat' dir='ltr'><strong>constanti</strong></span> 
     </span>
    </p>
   </div>
   <div class='ocr_carea' id='block_1_7' title="bbox 110 2581 948 2626">
    <p class='ocr_par' dir='ltr' id='par_1_7' title="bbox 110 2581 948 2626">
     <span class='ocr_line' id='line_1_45' title="bbox 110 2581 948 2626; baseline -0.002 -9"><span class='ocrx_word' id='word_1_293' title='bbox 110 2585 172 2617; x_wconf 80' lang='lat' dir='ltr'><strong>“et</strong></span> <span class='ocrx_word' id='word_1_294' title='bbox 193 2590 315 2617; x_wconf 84' lang='lat' dir='ltr'><strong>tenens</strong></span> <span class='ocrx_word' id='word_1_295' title='bbox 337 2582 420 2626; x_wconf 88' lang='lat' dir='ltr'><strong>quia</strong></span> <span class='ocrx_word' id='word_1_296' title='bbox 442 2583 471 2615; x_wconf 92' lang='lat' dir='ltr'><strong>si</strong></span> <span class='ocrx_word' id='word_1_297' title='bbox 495 2581 678 2615; x_wconf 87' lang='lat' dir='ltr'><strong>ordinibus</strong></span> <span class='ocrx_word' id='word_1_298' title='bbox 699 2582 735 2614; x_wconf 88' lang='lat' dir='ltr'><strong>in</strong></span> <span class='ocrx_word' id='word_1_299' title='bbox 759 2581 827 2615; x_wconf 87' lang='lat' dir='ltr'><strong>hac</strong></span> <span class='ocrx_word' id='word_1_300' title='bbox 849 2588 948 2624; x_wconf 85' lang='lat' dir='ltr'><strong>parte</strong></span> 
     </span>
    </p>
   </div>
   <div class='ocr_carea' id='block_1_8' title="bbox 106 2655 316 2663">
    <p class='ocr_par' dir='ltr' id='par_1_8' title="bbox 106 2655 316 2663">
     <span class='ocr_line' id='line_1_46' title="bbox 106 2655 316 2663; baseline 0 0"><span class='ocrx_word' id='word_1_301' title='bbox 106 2655 316 2663; x_wconf 95' lang='lat' dir='ltr'><strong> </strong></span> 
     </span>
    </p>
   </div>
   <div class='ocr_carea' id='block_1_9' title="bbox 196 2689 948 2723">
    <p class='ocr_par' dir='ltr' id='par_1_9' title="bbox 196 2689 948 2723">
     <span class='ocr_line' id='line_1_47' title="bbox 196 2689 948 2723; baseline -0.001 -6"><span class='ocrx_word' id='word_1_302' title='bbox 196 2698 218 2717; x_wconf 79' lang='grc' dir='ltr'><strong>ι.</strong></span> <span class='ocrx_word' id='word_1_303' title='bbox 237 2691 397 2717; x_wconf 82' lang='lat' dir='ltr'><strong>videremur</strong></span> <span class='ocrx_word' id='word_1_304' title='bbox 416 2689 512 2716; x_wconf 76' lang='lat' dir='ltr'><strong>GAun.</strong></span> <span class='ocrx_word' id='word_1_305' title='bbox 535 2703 564 2708; x_wconf 93' lang='lat'>-</span> <span class='ocrx_word' id='word_1_306' title='bbox 591 2697 615 2722; x_wconf 82' lang='lat'><strong>4.</strong></span> <span class='ocrx_word' id='word_1_307' title='bbox 641 2689 827 2723; x_wconf 80' lang='lat' dir='ltr'><strong>obproprium</strong></span> <span class='ocrx_word' id='word_1_308' title='bbox 852 2690 948 2716; x_wconf 62' lang='lat' dir='ltr'><strong>Gaul).</strong></span> 
     </span>
    </p>
   </div>
   <div class='ocr_carea' id='block_1_10' title="bbox 21 2716 948 2903">
    <p class='ocr_par' dir='ltr' id='par_1_10' title="bbox 21 2716 948 2903">
     <span class='ocr_line' id='line_1_48' title="bbox 21 2716 947 2767; baseline -0.002 -5"><span class='ocrx_word' id='word_1_309' title='bbox 21 2716 34 2739; x_wconf 30' lang='grc' dir='ltr'><strong>θ’</strong></span> <span class='ocrx_word' id='word_1_310' title='bbox 56 2735 58 2738; x_wconf 82' lang='grc'>’</span> <span class='ocrx_word' id='word_1_311' title='bbox 104 2749 138 2756; x_wconf 91' lang='grc'>-</span> <span class='ocrx_word' id='word_1_312' title='bbox 157 2742 200 2762; x_wconf 78' lang='lat'><strong>21.</strong></span> <span class='ocrx_word' id='word_1_313' title='bbox 218 2736 336 2761; x_wconf 81' lang='lat' dir='ltr'><strong>amlctat</strong></span> <span class='ocrx_word' id='word_1_314' title='bbox 360 2733 457 2760; x_wconf 56' lang='lat' dir='ltr'><strong>Gavn.</strong></span> <span class='ocrx_word' id='word_1_315' title='bbox 484 2747 516 2753; x_wconf 95' lang='lat'><em>-</em></span> <span class='ocrx_word' id='word_1_316' title='bbox 543 2740 586 2767; x_wconf 81' lang='lat'><strong>24.</strong></span> <span class='ocrx_word' id='word_1_317' title='bbox 611 2733 768 2758; x_wconf 76' lang='lat' dir='ltr'><strong>amissione</strong></span> <span class='ocrx_word' id='word_1_318' title='bbox 792 2733 888 2760; x_wconf 63' lang='lat' dir='ltr'><strong>Gaui).</strong></span> <span class='ocrx_word' id='word_1_319' title='bbox 914 2747 947 2753; x_wconf 90' lang='lat'><em>-</em></span> 
     </span>
     <span class='ocr_line' id='line_1_49' title="bbox 25 2778 948 2816; baseline 0.001 -13"><span class='ocrx_word' id='word_1_320' title='bbox 25 2796 27 2803; x_wconf 73' lang='grc'>,</span> <span class='ocrx_word' id='word_1_321' title='bbox 64 2809 70 2816; x_wconf 15' lang='grc' dir='ltr'><strong>,Α</strong></span> <span class='ocrx_word' id='word_1_322' title='bbox 105 2786 147 2813; x_wconf 79' lang='lat'><strong>25.</strong></span> <span class='ocrx_word' id='word_1_323' title='bbox 166 2780 343 2813; x_wconf 78' lang='lat' dir='ltr'><strong>blaspheniis</strong></span> <span class='ocrx_word' id='word_1_324' title='bbox 361 2779 458 2805; x_wconf 65' lang='lat' dir='ltr'><strong>Gsun.</strong></span> <span class='ocrx_word' id='word_1_325' title='bbox 479 2792 511 2797; x_wconf 80' lang='lat'>-</span> <span class='ocrx_word' id='word_1_326' title='bbox 532 2784 573 2810; x_wconf 86' lang='lat'><strong>27.</strong></span> <span class='ocrx_word' id='word_1_327' title='bbox 589 2778 631 2803; x_wconf 83' lang='lat' dir='ltr'><strong>La</strong></span> <span class='ocrx_word' id='word_1_328' title='bbox 651 2785 668 2801; x_wconf 94' lang='lat' dir='ltr'><strong>n</strong></span> <span class='ocrx_word' id='word_1_329' title='bbox 682 2778 713 2802; x_wconf 82' lang='lat' dir='ltr'><strong>di</strong></span> <span class='ocrx_word' id='word_1_330' title='bbox 724 2778 809 2803; x_wconf 80' lang='lat' dir='ltr'><strong>uinea</strong></span> <span class='ocrx_word' id='word_1_331' title='bbox 822 2779 836 2804; x_wconf 79' lang='grc' dir='ltr'><em>ὲ</em></span> <span class='ocrx_word' id='word_1_332' title='bbox 854 2782 948 2810; x_wconf 74' lang='lat' dir='ltr'><strong>sopra-</strong></span> 
     </span>
     <span class='ocr_line' id='line_1_50' title="bbox 26 2817 947 2858; baseline -0.003 -7"><span class='ocrx_word' id='word_1_333' title='bbox 26 2845 33 2858; x_wconf 36' lang='grc' dir='ltr'><strong>,Ξ</strong></span> <span class='ocrx_word' id='word_1_334' title='bbox 66 2817 70 2820; x_wconf 53' lang='grc'><strong>’</strong></span> <span class='ocrx_word' id='word_1_335' title='bbox 104 2825 200 2851; x_wconf 71' lang='lat' dir='ltr'><strong>terina</strong></span> <span class='ocrx_word' id='word_1_336' title='bbox 224 2825 327 2850; x_wconf 81' lang='lat' dir='ltr'><strong>d&#39;altra</strong></span> <span class='ocrx_word' id='word_1_337' title='bbox 353 2832 429 2849; x_wconf 76' lang='lat' dir='ltr'><strong>mano</strong></span> <span class='ocrx_word' id='word_1_338' title='bbox 448 2837 480 2841; x_wconf 92' lang='lat'>—</span> <span class='ocrx_word' id='word_1_339' title='bbox 507 2829 549 2856; x_wconf 81' lang='lat'><strong>29.</strong></span> <span class='ocrx_word' id='word_1_340' title='bbox 574 2822 736 2855; x_wconf 71' lang='lat' dir='ltr'><strong>spetialiter</strong></span> <span class='ocrx_word' id='word_1_341' title='bbox 763 2823 826 2848; x_wconf 76' lang='lat' dir='ltr'><strong>Coti.</strong></span> <span class='ocrx_word' id='word_1_342' title='bbox 852 2836 885 2842; x_wconf 89' lang='lat'>—</span> <span class='ocrx_word' id='word_1_343' title='bbox 904 2831 947 2856; x_wconf 82' lang='lat'><strong>43.</strong></span> 
     </span>
     <span class='ocr_line' id='line_1_51' title="bbox 37 2864 295 2903; baseline -0.012 -6"><span class='ocrx_word' id='word_1_344' title='bbox 37 2864 67 2897; x_wconf 62' lang='lat'><strong>{3³</strong></span> <span class='ocrx_word' id='word_1_345' title='bbox 104 2869 181 2903; x_wconf 87' lang='lat' dir='ltr'><strong>quod</strong></span> <span class='ocrx_word' id='word_1_346' title='bbox 199 2868 295 2895; x_wconf 57' lang='lat' dir='ltr'><strong>Gauu.</strong></span> 
     </span>
    </p>
   </div>
   <div class='ocr_carea' id='block_1_11' title="bbox 905 203 1205 240">
    <p class='ocr_par' dir='ltr' id='par_1_11' title="bbox 905 203 1205 240">
     <span class='ocr_line' id='line_1_52' title="bbox 905 203 1205 240; baseline 0 0"><span class='ocrx_word' id='word_1_347' title='bbox 905 203 1182 240; x_wconf 92' lang='lat' dir='ltr'><strong>CHRONICA</strong></span> <span class='ocrx_word' id='word_1_348' title='bbox 1197 228 1205 239; x_wconf 92' lang='lat'><strong><em>.</em></strong></span> 
     </span>
    </p>
   </div>
   <div class='ocr_carea' id='block_1_12' title="bbox 1021 815 1058 847">
    <p class='ocr_par' dir='ltr' id='par_1_12' title="bbox 1021 815 1058 847">
     <span class='ocr_line' id='line_1_53' title="bbox 1021 815 1058 847; baseline 0 0"><span class='ocrx_word' id='word_1_349' title='bbox 1021 815 1058 847; x_wconf 88' lang='lat'><strong>10</strong></span> 
     </span>
    </p>
   </div>
   <div class='ocr_carea' id='block_1_13' title="bbox 1018 1082 1055 1115">
    <p class='ocr_par' dir='ltr' id='par_1_13' title="bbox 1018 1082 1055 1115">
     <span class='ocr_line' id='line_1_54' title="bbox 1018 1082 1055 1115; baseline -0.027 0"><span class='ocrx_word' id='word_1_350' title='bbox 1018 1082 1055 1115; x_wconf 90' lang='lat'><strong>15</strong></span> 
     </span>
    </p>
   </div>
   <div class='ocr_carea' id='block_1_14' title="bbox 1013 1351 1055 1382">
    <p class='ocr_par' dir='ltr' id='par_1_14' title="bbox 1013 1351 1055 1382">
     <span class='ocr_line' id='line_1_55' title="bbox 1013 1351 1055 1382; baseline 0 0"><span class='ocrx_word' id='word_1_351' title='bbox 1013 1351 1055 1382; x_wconf 89' lang='lat'><strong>20</strong></span> 
     </span>
    </p>
   </div>
   <div class='ocr_carea' id='block_1_15' title="bbox 1014 1618 1054 1651">
    <p class='ocr_par' dir='ltr' id='par_1_15' title="bbox 1014 1618 1054 1651">
     <span class='ocr_line' id='line_1_56' title="bbox 1014 1618 1054 1651; baseline 0 0"><span class='ocrx_word' id='word_1_352' title='bbox 1014 1618 1054 1651; x_wconf 87' lang='lat'><strong>25</strong></span> 
     </span>
    </p>
   </div>
   <div class='ocr_carea' id='block_1_16' title="bbox 1014 1888 1055 1920">
    <p class='ocr_par' dir='ltr' id='par_1_16' title="bbox 1014 1888 1055 1920">
     <span class='ocr_line' id='line_1_57' title="bbox 1014 1888 1055 1920; baseline -0.024 0"><span class='ocrx_word' id='word_1_353' title='bbox 1014 1888 1055 1920; x_wconf 87' lang='lat'><strong>30</strong></span> 
     </span>
    </p>
   </div>
   <div class='ocr_carea' id='block_1_17' title="bbox 1001 2139 1053 2187">
    <p class='ocr_par' dir='ltr' id='par_1_17' title="bbox 1001 2139 1053 2187">
     <span class='ocr_line' id='line_1_58' title="bbox 1001 2139 1053 2187; baseline 0 0"><span class='ocrx_word' id='word_1_354' title='bbox 1001 2139 1053 2187; x_wconf 74' lang='grc'><strong>’35</strong></span> 
     </span>
    </p>
   </div>
   <div class='ocr_carea' id='block_1_18' title="bbox 1012 2424 1053 2455">
    <p class='ocr_par' dir='ltr' id='par_1_18' title="bbox 1012 2424 1053 2455">
     <span class='ocr_line' id='line_1_59' title="bbox 1012 2424 1053 2455; baseline 0 0"><span class='ocrx_word' id='word_1_355' title='bbox 1012 2424 1053 2455; x_wconf 86' lang='grc'><strong>40</strong></span> 
     </span>
    </p>
   </div>
   <div class='ocr_carea' id='block_1_19' title="bbox 1020 2873 1035 2900">
    <p class='ocr_par' dir='ltr' id='par_1_19' title="bbox 1020 2873 1035 2900">
     <span class='ocr_line' id='line_1_60' title="bbox 1020 2873 1035 2900; baseline 0 0"><span class='ocrx_word' id='word_1_356' title='bbox 1020 2873 1035 2900; x_wconf 82' lang='lat'>5</span> 
     </span>
    </p>
   </div>
   <div class='ocr_carea' id='block_1_20' title="bbox 1915 204 2204 242">
    <p class='ocr_par' dir='ltr' id='par_1_20' title="bbox 1915 204 2204 242">
     <span class='ocr_line' id='line_1_61' title="bbox 1915 204 2204 242; baseline 0.003 -7"><span class='ocrx_word' id='word_1_357' title='bbox 1915 204 1962 241; x_wconf 77' lang='lat'><strong>95</strong></span> <span class='ocrx_word' id='word_1_358' title='bbox 1994 215 2070 240; x_wconf 65' lang='lat' dir='ltr'><strong>Mun„</strong></span> <span class='ocrx_word' id='word_1_359' title='bbox 2086 221 2119 236; x_wconf 88' lang='lat' dir='ltr'><strong>cc.</strong></span> <span class='ocrx_word' id='word_1_360' title='bbox 2142 221 2204 242; x_wconf 53' lang='lat'><strong>9934</strong></span> 
     </span>
    </p>
   </div>
   <div class='ocr_carea' id='block_1_21' title="bbox 1092 325 1967 371">
    <p class='ocr_par' dir='ltr' id='par_1_21' title="bbox 1092 325 1967 371">
     <span class='ocr_line' id='line_1_62' title="bbox 1092 325 1967 371; baseline 0.003 -4"><span class='ocrx_word' id='word_1_361' title='bbox 1092 325 1094 327; x_wconf 37' lang='lat'>¹</span> <span class='ocrx_word' id='word_1_362' title='bbox 1117 335 1270 368; x_wconf 88' lang='lat' dir='ltr'><strong>honestis</strong></span> <span class='ocrx_word' id='word_1_363' title='bbox 1285 335 1486 369; x_wconf 89' lang='lat' dir='ltr'><strong>mulieribus</strong></span> <span class='ocrx_word' id='word_1_364' title='bbox 1502 336 1548 369; x_wconf 84' lang='lat' dir='ltr'><strong>ad</strong></span> <span class='ocrx_word' id='word_1_365' title='bbox 1563 336 1690 369; x_wconf 86' lang='lat' dir='ltr'><strong>balnea</strong></span> <span class='ocrx_word' id='word_1_366' title='bbox 1702 347 1771 370; x_wconf 90' lang='lat' dir='ltr'><strong>non</strong></span> <span class='ocrx_word' id='word_1_367' title='bbox 1795 337 1967 371; x_wconf 87' lang='lat' dir='ltr'><strong>accedant</strong></span> 
     </span>
    </p>
   </div>
   <div class='ocr_carea' id='block_1_22' title="bbox 1109 388 2203 1233">
    <p class='ocr_par' dir='ltr' id='par_1_22' title="bbox 1114 388 1966 594">
     <span class='ocr_line' id='line_1_63' title="bbox 1117 388 1966 424; baseline 0.004 -4"><span class='ocrx_word' id='word_1_368' title='bbox 1117 394 1151 421; x_wconf 87' lang='lat' dir='ltr'><strong>et</strong></span> <span class='ocrx_word' id='word_1_369' title='bbox 1181 394 1218 421; x_wconf 91' lang='lat' dir='ltr'><strong>ut</strong></span> <span class='ocrx_word' id='word_1_370' title='bbox 1248 399 1367 421; x_wconf 88' lang='lat' dir='ltr'><strong>earum</strong></span> <span class='ocrx_word' id='word_1_371' title='bbox 1392 388 1562 422; x_wconf 85' lang='lat' dir='ltr'><strong>habitatio</strong></span> <span class='ocrx_word' id='word_1_372' title='bbox 1586 400 1657 423; x_wconf 93' lang='lat' dir='ltr'><strong>non</strong></span> <span class='ocrx_word' id='word_1_373' title='bbox 1679 389 1723 422; x_wconf 86' lang='lat' dir='ltr'><strong>sit</strong></span> <span class='ocrx_word' id='word_1_374' title='bbox 1745 390 1837 423; x_wconf 86' lang='lat' dir='ltr'><strong>intra</strong></span> <span class='ocrx_word' id='word_1_375' title='bbox 1852 391 1966 424; x_wconf 87' lang='lat' dir='ltr'><strong>menia</strong></span> 
     </span>
     <span class='ocr_line' id='line_1_64' title="bbox 1115 441 1965 487; baseline 0.005 -14"><span class='ocrx_word' id='word_1_376' title='bbox 1115 441 1306 481; x_wconf 87' lang='lat' dir='ltr'><strong>ciuitatum,</strong></span> <span class='ocrx_word' id='word_1_377' title='bbox 1335 449 1459 476; x_wconf 86' lang='lat' dir='ltr'><strong>contra</strong></span> <span class='ocrx_word' id='word_1_378' title='bbox 1488 443 1700 477; x_wconf 88' lang='lat' dir='ltr'><strong>ioculatores</strong></span> <span class='ocrx_word' id='word_1_379' title='bbox 1724 443 1965 487; x_wconf 89' lang='lat' dir='ltr'><strong>obloquentes,</strong></span> 
     </span>
     <span class='ocr_line' id='line_1_65' title="bbox 1114 495 1966 538; baseline 0.004 -11"><span class='ocrx_word' id='word_1_380' title='bbox 1114 500 1152 527; x_wconf 86' lang='lat' dir='ltr'><strong>ut</strong></span> <span class='ocrx_word' id='word_1_381' title='bbox 1168 495 1226 538; x_wconf 89' lang='lat' dir='ltr'><strong>qui</strong></span> <span class='ocrx_word' id='word_1_382' title='bbox 1244 496 1279 527; x_wconf 88' lang='lat' dir='ltr'><strong>in</strong></span> <span class='ocrx_word' id='word_1_383' title='bbox 1295 496 1453 538; x_wconf 87' lang='lat' dir='ltr'><strong>personis</strong></span> <span class='ocrx_word' id='word_1_384' title='bbox 1469 502 1528 530; x_wconf 83' lang='lat' dir='ltr'><strong>aut</strong></span> <span class='ocrx_word' id='word_1_385' title='bbox 1550 496 1654 529; x_wconf 88' lang='lat' dir='ltr'><strong>rebus</strong></span> <span class='ocrx_word' id='word_1_386' title='bbox 1669 496 1749 530; x_wconf 90' lang='lat' dir='ltr'><strong>illos</strong></span> <span class='ocrx_word' id='word_1_387' title='bbox 1763 497 1966 536; x_wconf 82' lang='lat' dir='ltr'><strong>offenderit,</strong></span> 
     </span>
     <span class='ocr_line' id='line_1_66' title="bbox 1114 550 1966 594; baseline 0.002 -14"><span class='ocrx_word' id='word_1_388' title='bbox 1114 558 1238 590; x_wconf 88' lang='lat' dir='ltr'><strong>pacem</strong></span> <span class='ocrx_word' id='word_1_389' title='bbox 1253 559 1322 581; x_wconf 88' lang='lat' dir='ltr'><strong>non</strong></span> <span class='ocrx_word' id='word_1_390' title='bbox 1338 554 1498 582; x_wconf 89' lang='lat' dir='ltr'><strong>teneatur</strong></span> <span class='ocrx_word' id='word_1_391' title='bbox 1521 550 1738 593; x_wconf 84' lang='lat' dir='ltr'><strong>imperialem</strong></span> <span class='ocrx_word' id='word_1_392' title='bbox 1761 551 1966 594; x_wconf 82' lang='lat' dir='ltr'><strong>infringere.</strong></span> 
     </span>
    </p>

    <p class='ocr_par' dir='ltr' id='par_1_23' title="bbox 1109 602 2203 1233">
     <span class='ocr_line' id='line_1_67' title="bbox 1203 602 2203 658; baseline 0.004 -24"><span class='ocrx_word' id='word_1_393' title='bbox 1203 602 1279 634; x_wconf 93' lang='lat' dir='ltr'><strong>Hoc</strong></span> <span class='ocrx_word' id='word_1_394' title='bbox 1302 613 1392 635; x_wconf 89' lang='lat' dir='ltr'><strong>anno</strong></span> <span class='ocrx_word' id='word_1_395' title='bbox 1417 603 1586 636; x_wconf 86' lang='lat' dir='ltr'><strong>uicesima</strong></span> <span class='ocrx_word' id='word_1_396' title='bbox 1617 615 1637 635; x_wconf 93' lang='lat' dir='ltr'><strong>a</strong></span> <span class='ocrx_word' id='word_1_397' title='bbox 1667 604 1824 646; x_wconf 87' lang='lat' dir='ltr'><strong>personis</strong></span> <span class='ocrx_word' id='word_1_398' title='bbox 1847 605 1965 638; x_wconf 91' lang='lat' dir='ltr'><strong>eccle-</strong></span> <span class='ocrx_word' id='word_1_399' title='bbox 1996 606 2203 658; x_wconf 50' lang='lat' dir='ltr'><strong>Ufgffzflgegfffg</strong></span> 
     </span>
     <span class='ocr_line' id='line_1_68' title="bbox 1114 640 2184 700; baseline 0.005 -14"><span class='ocrx_word' id='word_1_400' title='bbox 1114 654 1272 694; x_wconf 83' lang='lat' dir='ltr'><strong>siasticis,</strong></span> <span class='ocrx_word' id='word_1_401' title='bbox 1289 666 1310 687; x_wconf 91' lang='lat' dir='ltr'><strong>a</strong></span> <span class='ocrx_word' id='word_1_402' title='bbox 1325 655 1437 700; x_wconf 85' lang='lat' dir='ltr'><strong>laycis</strong></span> <span class='ocrx_word' id='word_1_403' title='bbox 1461 667 1544 689; x_wconf 87' lang='lat' dir='ltr'><strong>uero</strong></span> <span class='ocrx_word' id='word_1_404' title='bbox 1569 657 1707 689; x_wconf 82' lang='lat' dir='ltr'><strong>decima</strong></span> <span class='ocrx_word' id='word_1_405' title='bbox 1722 668 1787 700; x_wconf 90' lang='lat' dir='ltr'><strong>pro</strong></span> <span class='ocrx_word' id='word_1_406' title='bbox 1810 657 1964 690; x_wconf 88' lang='lat' dir='ltr'><strong>subsidio</strong></span> <span class='ocrx_word' id='word_1_407' title='bbox 2020 662 2068 681; x_wconf 62' lang='lat' dir='ltr'><strong>W·</strong></span> <span class='ocrx_word' id='word_1_408' title='bbox 2165 640 2184 659; x_wconf 55' lang='lat' dir='ltr'><em>g</em></span> 
     </span>
     <span class='ocr_line' id='line_1_69' title="bbox 1114 707 1964 755; baseline 0.007 -17"><span class='ocrx_word' id='word_1_409' title='bbox 1114 707 1225 739; x_wconf 90' lang='lat' dir='ltr'><strong>Terre</strong></span> <span class='ocrx_word' id='word_1_410' title='bbox 1248 714 1368 741; x_wconf 87' lang='lat' dir='ltr'><strong>sancte</strong></span> <span class='ocrx_word' id='word_1_411' title='bbox 1386 720 1450 751; x_wconf 91' lang='lat' dir='ltr'><strong>per</strong></span> <span class='ocrx_word' id='word_1_412' title='bbox 1465 715 1573 742; x_wconf 89' lang='lat' dir='ltr'><strong>totum</strong></span> <span class='ocrx_word' id='word_1_413' title='bbox 1598 711 1762 754; x_wconf 87' lang='lat' dir='ltr'><strong>Regnum</strong></span> <span class='ocrx_word' id='word_1_414' title='bbox 1778 711 1964 755; x_wconf 88' lang='lat' dir='ltr'><strong>colligitur,</strong></span> 
     </span>
     <span class='ocr_line' id='line_1_70' title="bbox 1114 762 1962 808; baseline 0.006 -16"><span class='ocrx_word' id='word_1_415' title='bbox 1114 766 1149 792; x_wconf 91' lang='lat' dir='ltr'><strong>et</strong></span> <span class='ocrx_word' id='word_1_416' title='bbox 1172 771 1235 802; x_wconf 93' lang='lat' dir='ltr'><strong>per</strong></span> <span class='ocrx_word' id='word_1_417' title='bbox 1258 762 1474 795; x_wconf 88' lang='lat' dir='ltr'><strong>Gualterium</strong></span> <span class='ocrx_word' id='word_1_418' title='bbox 1499 764 1543 796; x_wconf 92' lang='lat' dir='ltr'><strong>de</strong></span> <span class='ocrx_word' id='word_1_419' title='bbox 1559 764 1721 797; x_wconf 87' lang='lat' dir='ltr'><strong>Palearia</strong></span> <span class='ocrx_word' id='word_1_420' title='bbox 1736 765 1855 808; x_wconf 90' lang='lat' dir='ltr'><strong>Regni</strong></span> <span class='ocrx_word' id='word_1_421' title='bbox 1879 775 1962 797; x_wconf 88' lang='lat' dir='ltr'><strong>can-</strong></span> 
     </span>
     <span class='ocr_line' id='line_1_71' title="bbox 1112 814 1962 858; baseline 0.007 -13"><span class='ocrx_word' id='word_1_422' title='bbox 1112 814 1304 853; x_wconf 89' lang='lat' dir='ltr'><strong>cellarium,</strong></span> <span class='ocrx_word' id='word_1_423' title='bbox 1322 821 1356 848; x_wconf 90' lang='lat' dir='ltr'><strong>et</strong></span> <span class='ocrx_word' id='word_1_424' title='bbox 1379 826 1443 858; x_wconf 92' lang='lat' dir='ltr'><strong>per</strong></span> <span class='ocrx_word' id='word_1_425' title='bbox 1458 816 1648 850; x_wconf 89' lang='lat' dir='ltr'><strong>Henricum</strong></span> <span class='ocrx_word' id='word_1_426' title='bbox 1666 818 1711 850; x_wconf 92' lang='lat' dir='ltr'><strong>de</strong></span> <span class='ocrx_word' id='word_1_427' title='bbox 1727 818 1838 850; x_wconf 86' lang='lat' dir='ltr'><strong>Malta</strong></span> <span class='ocrx_word' id='word_1_428' title='bbox 1855 818 1962 851; x_wconf 90' lang='lat' dir='ltr'><strong>comi-</strong></span> 
     </span>
     <span class='ocr_line' id='line_1_72' title="bbox 1112 869 1964 914; baseline 0.006 -15"><span class='ocrx_word' id='word_1_429' title='bbox 1112 872 1194 907; x_wconf 90' lang='lat' dir='ltr'><strong>tem,</strong></span> <span class='ocrx_word' id='word_1_430' title='bbox 1206 869 1328 901; x_wconf 89' lang='lat' dir='ltr'><strong>marini</strong></span> <span class='ocrx_word' id='word_1_431' title='bbox 1346 869 1436 902; x_wconf 87' lang='lat' dir='ltr'><strong>stolii</strong></span> <span class='ocrx_word' id='word_1_432' title='bbox 1454 871 1682 908; x_wconf 80' lang='lat' dir='ltr'><strong>ammiratum,</strong></span> <span class='ocrx_word' id='word_1_433' title='bbox 1698 871 1808 914; x_wconf 88' lang='lat' dir='ltr'><strong>ipsam</strong></span> <span class='ocrx_word' id='word_1_434' title='bbox 1822 871 1964 904; x_wconf 85' lang='lat' dir='ltr'><strong>Damia-</strong></span> 
     </span>
     <span class='ocr_line' id='line_1_73' title="bbox 1111 923 1963 966; baseline 0.005 -13"><span class='ocrx_word' id='word_1_435' title='bbox 1111 927 1180 953; x_wconf 87' lang='lat' dir='ltr'><strong>tam</strong></span> <span class='ocrx_word' id='word_1_436' title='bbox 1196 923 1407 962; x_wconf 86' lang='lat' dir='ltr'><strong>transmittit,</strong></span> <span class='ocrx_word' id='word_1_437' title='bbox 1423 923 1507 955; x_wconf 90' lang='lat' dir='ltr'><strong>licet</strong></span> <span class='ocrx_word' id='word_1_438' title='bbox 1524 931 1606 956; x_wconf 87' lang='lat' dir='ltr'><strong>tunc</strong></span> <span class='ocrx_word' id='word_1_439' title='bbox 1623 924 1789 966; x_wconf 86' lang='lat' dir='ltr'><strong>temporis</strong></span> <span class='ocrx_word' id='word_1_440' title='bbox 1805 924 1963 957; x_wconf 83' lang='lat' dir='ltr'><strong>ammissa</strong></span> 
     </span>
     <span class='ocr_line' id='line_1_74' title="bbox 1110 975 1963 1020; baseline 0.005 -14"><span class='ocrx_word' id='word_1_441' title='bbox 1110 975 1217 1007; x_wconf 83' lang='lat' dir='ltr'><strong>fuerit</strong></span> <span class='ocrx_word' id='word_1_442' title='bbox 1240 976 1354 1018; x_wconf 87' lang='lat' dir='ltr'><strong>culpis</strong></span> <span class='ocrx_word' id='word_1_443' title='bbox 1377 976 1597 1020; x_wconf 81' lang='lat' dir='ltr'><strong>exigentibus</strong></span> <span class='ocrx_word' id='word_1_444' title='bbox 1621 977 1790 1010; x_wconf 84' lang='lat' dir='ltr'><strong>Damiata.</strong></span> <span class='ocrx_word' id='word_1_445' title='bbox 1815 978 1963 1020; x_wconf 90' lang='lat' dir='ltr'><strong>Propter</strong></span> 
     </span>
     <span class='ocr_line' id='line_1_75' title="bbox 1109 1028 1963 1073; baseline 0.004 -13"><span class='ocrx_word' id='word_1_446' title='bbox 1109 1028 1204 1071; x_wconf 91' lang='lat' dir='ltr'><strong>quod</strong></span> <span class='ocrx_word' id='word_1_447' title='bbox 1217 1028 1290 1071; x_wconf 91' lang='lat' dir='ltr'><strong>ipse</strong></span> <span class='ocrx_word' id='word_1_448' title='bbox 1303 1030 1533 1063; x_wconf 86' lang='lat' dir='ltr'><strong>cancellarius</strong></span> <span class='ocrx_word' id='word_1_449' title='bbox 1549 1031 1636 1062; x_wconf 91' lang='lat' dir='ltr'><strong>iram</strong></span> <span class='ocrx_word' id='word_1_450' title='bbox 1650 1031 1877 1073; x_wconf 86' lang='lat' dir='ltr'><strong>Imperatoris</strong></span> <span class='ocrx_word' id='word_1_451' title='bbox 1893 1042 1963 1063; x_wconf 85' lang='lat' dir='ltr'><strong>me·</strong></span> 
     </span>
     <span class='ocr_line' id='line_1_76' title="bbox 1110 1082 1963 1123; baseline 0.004 -9"><span class='ocrx_word' id='word_1_452' title='bbox 1110 1085 1221 1121; x_wconf 88' lang='lat' dir='ltr'><strong>tuens,</strong></span> <span class='ocrx_word' id='word_1_453' title='bbox 1233 1093 1270 1115; x_wconf 84' lang='lat' dir='ltr'><strong>se</strong></span> <span class='ocrx_word' id='word_1_454' title='bbox 1282 1082 1451 1115; x_wconf 85' lang='lat' dir='ltr'><strong>Uenetias</strong></span> <span class='ocrx_word' id='word_1_455' title='bbox 1474 1083 1633 1123; x_wconf 90' lang='lat' dir='ltr'><strong>contulit,</strong></span> <span class='ocrx_word' id='word_1_456' title='bbox 1657 1090 1691 1116; x_wconf 93' lang='lat' dir='ltr'><strong>et</strong></span> <span class='ocrx_word' id='word_1_457' title='bbox 1706 1084 1822 1117; x_wconf 91' lang='lat' dir='ltr'><strong>dictus</strong></span> <span class='ocrx_word' id='word_1_458' title='bbox 1845 1094 1963 1117; x_wconf 87' lang='lat' dir='ltr'><strong>comes</strong></span> 
     </span>
     <span class='ocr_line' id='line_1_77' title="bbox 1109 1134 1963 1180; baseline 0.005 -14"><span class='ocrx_word' id='word_1_459' title='bbox 1109 1134 1202 1168; x_wconf 87' lang='lat' dir='ltr'><strong>redit</strong></span> <span class='ocrx_word' id='word_1_460' title='bbox 1216 1135 1252 1167; x_wconf 89' lang='lat' dir='ltr'><strong>in</strong></span> <span class='ocrx_word' id='word_1_461' title='bbox 1275 1136 1450 1180; x_wconf 86' lang='lat' dir='ltr'><strong>Regnum,</strong></span> <span class='ocrx_word' id='word_1_462' title='bbox 1468 1137 1527 1180; x_wconf 89' lang='lat' dir='ltr'><strong>qui</strong></span> <span class='ocrx_word' id='word_1_463' title='bbox 1544 1138 1588 1170; x_wconf 95' lang='lat' dir='ltr'><strong>ab</strong></span> <span class='ocrx_word' id='word_1_464' title='bbox 1605 1138 1818 1179; x_wconf 86' lang='lat' dir='ltr'><strong>Imperatore</strong></span> <span class='ocrx_word' id='word_1_465' title='bbox 1842 1145 1963 1180; x_wconf 85' lang='lat' dir='ltr'><strong>captus</strong></span> 
     </span>
     <span class='ocr_line' id='line_1_78' title="bbox 1110 1190 1963 1233; baseline 0.004 -13"><span class='ocrx_word' id='word_1_466' title='bbox 1110 1193 1174 1227; x_wconf 90' lang='lat' dir='ltr'><strong>est,</strong></span> <span class='ocrx_word' id='word_1_467' title='bbox 1187 1195 1222 1221; x_wconf 88' lang='lat' dir='ltr'><strong>et</strong></span> <span class='ocrx_word' id='word_1_468' title='bbox 1234 1194 1361 1221; x_wconf 82' lang='lat' dir='ltr'><strong>terram</strong></span> <span class='ocrx_word' id='word_1_469' title='bbox 1374 1200 1477 1233; x_wconf 90' lang='lat' dir='ltr'><strong>quam</strong></span> <span class='ocrx_word' id='word_1_470' title='bbox 1489 1190 1642 1228; x_wconf 86' lang='lat' dir='ltr'><strong>tenebat,</strong></span> <span class='ocrx_word' id='word_1_471' title='bbox 1655 1191 1811 1229; x_wconf 88' lang='lat' dir='ltr'><strong>ammisit,</strong></span> <span class='ocrx_word' id='word_1_472' title='bbox 1828 1202 1889 1223; x_wconf 84' lang='lat' dir='ltr'><strong>rex</strong></span> <span class='ocrx_word' id='word_1_473' title='bbox 1904 1201 1963 1223; x_wconf 92' lang='lat' dir='ltr'><strong>ue-</strong></span> 
     </span>
    </p>
   </div>
   <div class='ocr_carea' id='block_1_23' title="bbox 1094 1241 1963 1290">
    <p class='ocr_par' dir='ltr' id='par_1_24' title="bbox 1094 1241 1963 1290">
     <span class='ocr_line' id='line_1_79' title="bbox 1094 1241 1963 1290; baseline 0.005 -18"><span class='ocrx_word' id='word_1_474' title='bbox 1094 1251 1160 1290; x_wconf 68' lang='lat' dir='ltr'><strong>⁴ro,</strong></span> <span class='ocrx_word' id='word_1_475' title='bbox 1183 1241 1384 1283; x_wconf 85' lang='lat' dir='ltr'><strong>patriarcha</strong></span> <span class='ocrx_word' id='word_1_476' title='bbox 1402 1243 1735 1282; x_wconf 85' lang='lat' dir='ltr'><strong>lherosolimitanus,</strong></span> <span class='ocrx_word' id='word_1_477' title='bbox 1750 1243 1963 1276; x_wconf 88' lang='lat' dir='ltr'><strong>Albanensis</strong></span> 
     </span>
    </p>
   </div>
   <div class='ocr_carea' id='block_1_24' title="bbox 1109 1295 1964 1660">
    <p class='ocr_par' dir='ltr' id='par_1_25' title="bbox 1109 1295 1964 1660">
     <span class='ocr_line' id='line_1_80' title="bbox 1110 1295 1964 1340; baseline 0.005 -14"><span class='ocrx_word' id='word_1_478' title='bbox 1110 1295 1296 1338; x_wconf 87' lang='lat' dir='ltr'><strong>episcopus</strong></span> <span class='ocrx_word' id='word_1_479' title='bbox 1330 1301 1364 1328; x_wconf 91' lang='lat' dir='ltr'><strong>et</strong></span> <span class='ocrx_word' id='word_1_480' title='bbox 1399 1297 1506 1329; x_wconf 88' lang='lat' dir='ltr'><strong>ceteri</strong></span> <span class='ocrx_word' id='word_1_481' title='bbox 1538 1298 1598 1340; x_wconf 88' lang='lat' dir='ltr'><strong>qui</strong></span> <span class='ocrx_word' id='word_1_482' title='bbox 1630 1297 1666 1329; x_wconf 89' lang='lat' dir='ltr'><strong>in</strong></span> <span class='ocrx_word' id='word_1_483' title='bbox 1698 1297 1790 1330; x_wconf 89' lang='lat' dir='ltr'><strong>bello</strong></span> <span class='ocrx_word' id='word_1_484' title='bbox 1822 1298 1964 1330; x_wconf 78' lang='lat' dir='ltr'><strong>fuerant</strong></span> 
     </span>
     <span class='ocr_line' id='line_1_81' title="bbox 1110 1347 1962 1390; baseline 0.005 -11"><span class='ocrx_word' id='word_1_485' title='bbox 1110 1347 1301 1390; x_wconf 87' lang='lat' dir='ltr'><strong>christiani,</strong></span> <span class='ocrx_word' id='word_1_486' title='bbox 1326 1350 1389 1383; x_wconf 89' lang='lat' dir='ltr'><strong>sub</strong></span> <span class='ocrx_word' id='word_1_487' title='bbox 1412 1360 1536 1383; x_wconf 84' lang='lat' dir='ltr'><strong>securo</strong></span> <span class='ocrx_word' id='word_1_488' title='bbox 1554 1350 1700 1383; x_wconf 87' lang='lat' dir='ltr'><strong>Soldani</strong></span> <span class='ocrx_word' id='word_1_489' title='bbox 1716 1351 1894 1383; x_wconf 86' lang='lat' dir='ltr'><strong>conductu</strong></span> <span class='ocrx_word' id='word_1_490' title='bbox 1917 1352 1962 1384; x_wconf 91' lang='lat' dir='ltr'><strong>ad</strong></span> 
     </span>
     <span class='ocr_line' id='line_1_82' title="bbox 1109 1402 1962 1448; baseline 0.002 -14"><span class='ocrx_word' id='word_1_491' title='bbox 1109 1402 1364 1436; x_wconf 77' lang='lat' dir='ltr'><strong>Acconitanam</strong></span> <span class='ocrx_word' id='word_1_492' title='bbox 1377 1404 1525 1437; x_wconf 88' lang='lat' dir='ltr'><strong>redeunt</strong></span> <span class='ocrx_word' id='word_1_493' title='bbox 1536 1404 1724 1437; x_wconf 88' lang='lat' dir='ltr'><strong>ciuitatem.</strong></span> <span class='ocrx_word' id='word_1_494' title='bbox 1744 1404 1844 1437; x_wconf 85' lang='lat' dir='ltr'><strong>Hanc</strong></span> <span class='ocrx_word' id='word_1_495' title='bbox 1857 1404 1962 1448; x_wconf 87' lang='lat' dir='ltr'><strong>igitur</strong></span> 
     </span>
     <span class='ocr_line' id='line_1_83' title="bbox 1109 1457 1963 1501; baseline 0.002 -14"><span class='ocrx_word' id='word_1_496' title='bbox 1109 1461 1241 1489; x_wconf 88' lang='lat' dir='ltr'><strong>tantam</strong></span> <span class='ocrx_word' id='word_1_497' title='bbox 1265 1462 1301 1489; x_wconf 88' lang='lat' dir='ltr'><strong>et</strong></span> <span class='ocrx_word' id='word_1_498' title='bbox 1322 1463 1391 1490; x_wconf 86' lang='lat' dir='ltr'><strong>tam</strong></span> <span class='ocrx_word' id='word_1_499' title='bbox 1414 1467 1558 1501; x_wconf 87' lang='lat' dir='ltr'><strong>grauem</strong></span> <span class='ocrx_word' id='word_1_500' title='bbox 1583 1457 1850 1490; x_wconf 85' lang='lat' dir='ltr'><strong>christianorum</strong></span> <span class='ocrx_word' id='word_1_501' title='bbox 1875 1457 1963 1490; x_wconf 91' lang='lat' dir='ltr'><strong>iniu-</strong></span> 
     </span>
     <span class='ocr_line' id='line_1_84' title="bbox 1109 1509 1961 1554; baseline 0.004 -14"><span class='ocrx_word' id='word_1_502' title='bbox 1109 1509 1194 1541; x_wconf 89' lang='lat' dir='ltr'><strong>riam</strong></span> <span class='ocrx_word' id='word_1_503' title='bbox 1225 1515 1261 1542; x_wconf 86' lang='lat' dir='ltr'><strong>et</strong></span> <span class='ocrx_word' id='word_1_504' title='bbox 1293 1510 1453 1544; x_wconf 84' lang='lat' dir='ltr'><strong>Damiate</strong></span> <span class='ocrx_word' id='word_1_505' title='bbox 1484 1511 1750 1550; x_wconf 87' lang='lat' dir='ltr'><strong>ammissionem,</strong></span> <span class='ocrx_word' id='word_1_506' title='bbox 1782 1511 1863 1544; x_wconf 87' lang='lat' dir='ltr'><strong>duxi</strong></span> <span class='ocrx_word' id='word_1_507' title='bbox 1896 1521 1961 1554; x_wconf 87' lang='lat' dir='ltr'><strong>ego</strong></span> 
     </span>
     <span class='ocr_line' id='line_1_85' title="bbox 1110 1563 1963 1608; baseline 0.002 -14"><span class='ocrx_word' id='word_1_508' title='bbox 1110 1563 1264 1596; x_wconf 89' lang='lat' dir='ltr'><strong>notarius</strong></span> <span class='ocrx_word' id='word_1_509' title='bbox 1302 1563 1511 1608; x_wconf 90' lang='lat' dir='ltr'><strong>Ryccardus</strong></span> <span class='ocrx_word' id='word_1_510' title='bbox 1559 1564 1660 1596; x_wconf 88' lang='lat' dir='ltr'><strong>huius</strong></span> <span class='ocrx_word' id='word_1_511' title='bbox 1710 1564 1825 1606; x_wconf 87' lang='lat' dir='ltr'><strong>operis</strong></span> <span class='ocrx_word' id='word_1_512' title='bbox 1863 1571 1963 1597; x_wconf 84' lang='lat' dir='ltr'><strong>actor</strong></span> 
     </span>
     <span class='ocr_line' id='line_1_86' title="bbox 1109 1616 1562 1660; baseline 0.004 -12"><span class='ocrx_word' id='word_1_513' title='bbox 1109 1616 1268 1650; x_wconf 87' lang='lat' dir='ltr'><strong>rithmice</strong></span> <span class='ocrx_word' id='word_1_514' title='bbox 1291 1617 1562 1660; x_wconf 85' lang='lat' dir='ltr'><strong>deplorandam:</strong></span> 
     </span>
    </p>
   </div>
   <div class='ocr_carea' id='block_1_25' title="bbox 1910 1703 2199 1834">
    <p class='ocr_par' dir='ltr' id='par_1_26' title="bbox 1989 1703 2198 1728">
     <span class='ocr_line' id='line_1_87' title="bbox 1989 1703 2198 1728; baseline 0.01 -5"><span class='ocrx_word' id='word_1_515' title='bbox 1989 1703 2124 1728; x_wconf 67' lang='lat' dir='ltr'><strong>Deploratis·</strong></span> <span class='ocrx_word' id='word_1_516' title='bbox 2147 1706 2198 1725; x_wconf 80' lang='lat' dir='ltr'><strong>Da-</strong></span> 
     </span>
    </p>

    <p class='ocr_par' dir='ltr' id='par_1_27' title="bbox 2014 1731 2199 1753">
     <span class='ocr_line' id='line_1_88' title="bbox 2014 1731 2199 1753; baseline 0.016 -3"><span class='ocrx_word' id='word_1_517' title='bbox 2014 1731 2084 1751; x_wconf 75' lang='lat' dir='ltr'><strong>miate</strong></span> <span class='ocrx_word' id='word_1_518' title='bbox 2093 1732 2199 1753; x_wconf 68' lang='lat' dir='ltr'><strong>rithmfce</strong></span> 
     </span>
    </p>

    <p class='ocr_par' dir='ltr' id='par_1_28' title="bbox 2014 1759 2197 1785">
     <span class='ocr_line' id='line_1_89' title="bbox 2014 1759 2197 1785; baseline 0.016 -8"><span class='ocrx_word' id='word_1_519' title='bbox 2014 1764 2029 1777; x_wconf 85' lang='grc' dir='ltr'><em>α</em></span> <span class='ocrx_word' id='word_1_520' title='bbox 2039 1759 2130 1779; x_wconf 79' lang='lat' dir='ltr'><strong>notario</strong></span> <span class='ocrx_word' id='word_1_521' title='bbox 2140 1760 2197 1785; x_wconf 85' lang='lat' dir='ltr'><strong>Ryc-</strong></span> 
     </span>
    </p>

    <p class='ocr_par' dir='ltr' id='par_1_29' title="bbox 1910 1785 2198 1834">
     <span class='ocr_line' id='line_1_90' title="bbox 1910 1785 2198 1812; baseline -0.003 -7"><span class='ocrx_word' id='word_1_522' title='bbox 1910 1791 1928 1812; x_wconf 65' lang='grc' dir='ltr'><em>ε</em></span> <span class='ocrx_word' id='word_1_523' title='bbox 2015 1785 2086 1805; x_wconf 79' lang='lat' dir='ltr'><strong>cardo</strong></span> <span class='ocrx_word' id='word_1_524' title='bbox 2113 1789 2198 1811; x_wconf 78' lang='lat' dir='ltr'><strong>compo-</strong></span> 
     </span>
     <span class='ocr_line' id='line_1_91' title="bbox 2014 1813 2070 1834; baseline 0.018 -1"><span class='ocrx_word' id='word_1_525' title='bbox 2014 1813 2070 1834; x_wconf 79' lang='lat' dir='ltr'><strong>sita.</strong></span> 
     </span>
    </p>
   </div>
   <div class='ocr_carea' id='block_1_26' title="bbox 1110 1697 1810 1904">
    <p class='ocr_par' dir='ltr' id='par_1_30' title="bbox 1110 1697 1810 1904">
     <span class='ocr_line' id='line_1_92' title="bbox 1110 1697 1652 1742; baseline 0.002 -12"><span class='ocrx_word' id='word_1_526' title='bbox 1110 1697 1200 1730; x_wconf 78' lang='lat' dir='ltr'><strong>Dira</strong></span> <span class='ocrx_word' id='word_1_527' title='bbox 1222 1698 1306 1730; x_wconf 82' lang='lat' dir='ltr'><strong>satis</strong></span> <span class='ocrx_word' id='word_1_528' title='bbox 1327 1701 1509 1742; x_wconf 80' lang='lat' dir='ltr'><strong>percussus</strong></span> <span class='ocrx_word' id='word_1_529' title='bbox 1531 1698 1652 1731; x_wconf 78' lang='lat' dir='ltr'><strong>uulner</strong></span> 
     </span>
     <span class='ocr_line' id='line_1_93' title="bbox 1153 1751 1662 1796; baseline 0.002 -12"><span class='ocrx_word' id='word_1_530' title='bbox 1153 1751 1245 1785; x_wconf 78' lang='lat' dir='ltr'><strong>Dira</strong></span> <span class='ocrx_word' id='word_1_531' title='bbox 1268 1763 1379 1795; x_wconf 83' lang='lat' dir='ltr'><strong>cogor</strong></span> <span class='ocrx_word' id='word_1_532' title='bbox 1399 1752 1560 1796; x_wconf 83' lang='lat' dir='ltr'><strong>singultu</strong></span> <span class='ocrx_word' id='word_1_533' title='bbox 1587 1753 1662 1785; x_wconf 86' lang='lat' dir='ltr'><strong>luer</strong></span> 
     </span>
     <span class='ocr_line' id='line_1_94' title="bbox 1160 1806 1810 1848; baseline -0.002 -9"><span class='ocrx_word' id='word_1_534' title='bbox 1160 1806 1238 1848; x_wconf 77' lang='lat' dir='ltr'><strong>Veh,</strong></span> <span class='ocrx_word' id='word_1_535' title='bbox 1263 1807 1459 1848; x_wconf 82' lang='lat' dir='ltr'><strong>[lamentum</strong></span> <span class='ocrx_word' id='word_1_536' title='bbox 1483 1812 1516 1839; x_wconf 88' lang='lat' dir='ltr'><strong>et</strong></span> <span class='ocrx_word' id='word_1_537' title='bbox 1537 1807 1692 1848; x_wconf 79' lang='lat' dir='ltr'><strong>carmen]</strong></span> <span class='ocrx_word' id='word_1_538' title='bbox 1714 1807 1810 1839; x_wconf 79' lang='lat' dir='ltr'><strong>dicer</strong></span> 
     </span>
     <span class='ocr_line' id='line_1_95' title="bbox 1155 1859 1719 1904; baseline 0 -12"><span class='ocrx_word' id='word_1_539' title='bbox 1155 1859 1287 1893; x_wconf 85' lang='lat' dir='ltr'><strong>Nostre</strong></span> <span class='ocrx_word' id='word_1_540' title='bbox 1308 1861 1428 1904; x_wconf 79' lang='lat' dir='ltr'><strong>gentis</strong></span> <span class='ocrx_word' id='word_1_541' title='bbox 1452 1861 1494 1893; x_wconf 89' lang='lat' dir='ltr'><strong>de</strong></span> <span class='ocrx_word' id='word_1_542' title='bbox 1515 1871 1593 1893; x_wconf 81' lang='lat' dir='ltr'><strong>casu</strong></span> <span class='ocrx_word' id='word_1_543' title='bbox 1617 1861 1719 1893; x_wconf 82' lang='lat' dir='ltr'><strong>miser</strong></span> 
     </span>
    </p>
   </div>
   <div class='ocr_carea' id='block_1_27' title="bbox 1875 1795 1885 1895">
    <p class='ocr_par' dir='ltr' id='par_1_31' title="bbox 1875 1795 1885 1895">
     <span class='ocr_line' id='line_1_96' title="bbox 1875 1795 1885 1895; baseline 0 1549"><span class='ocrx_word' id='word_1_544' title='bbox 1875 1795 1885 1895; x_wconf 95' lang='lat' dir='ltr'><strong> </strong></span> 
     </span>
    </p>
   </div>
   <div class='ocr_carea' id='block_1_28' title="bbox 1151 1995 1742 2145">
    <p class='ocr_par' dir='ltr' id='par_1_32' title="bbox 1151 1995 1742 2145">
     <span class='ocr_line' id='line_1_97' title="bbox 1155 1995 1661 2040; baseline 0.002 -13"><span class='ocrx_word' id='word_1_545' title='bbox 1155 1995 1274 2028; x_wconf 83' lang='lat' dir='ltr'><strong>Crucis</strong></span> <span class='ocrx_word' id='word_1_546' title='bbox 1293 1995 1385 2028; x_wconf 79' lang='lat' dir='ltr'><strong>hosti</strong></span> <span class='ocrx_word' id='word_1_547' title='bbox 1405 1997 1494 2029; x_wconf 83' lang='lat' dir='ltr'><strong>cedit</strong></span> <span class='ocrx_word' id='word_1_548' title='bbox 1516 1996 1661 2040; x_wconf 79' lang='lat' dir='ltr'><strong>allophil</strong></span> 
     </span>
     <span class='ocr_line' id='line_1_98' title="bbox 1153 2048 1742 2093; baseline 0 -11"><span class='ocrx_word' id='word_1_549' title='bbox 1153 2048 1237 2082; x_wconf 83' lang='lat' dir='ltr'><strong>Non</strong></span> <span class='ocrx_word' id='word_1_550' title='bbox 1249 2049 1299 2092; x_wconf 84' lang='lat' dir='ltr'><strong>fit</strong></span> <span class='ocrx_word' id='word_1_551' title='bbox 1320 2052 1443 2093; x_wconf 84' lang='lat' dir='ltr'><strong>pugna</strong></span> <span class='ocrx_word' id='word_1_552' title='bbox 1467 2060 1543 2082; x_wconf 87' lang='lat' dir='ltr'><strong>ense</strong></span> <span class='ocrx_word' id='word_1_553' title='bbox 1564 2050 1622 2082; x_wconf 84' lang='lat' dir='ltr'><strong>uel</strong></span> <span class='ocrx_word' id='word_1_554' title='bbox 1642 2050 1742 2082; x_wconf 84' lang='lat' dir='ltr'><strong>bacul</strong></span> 
     </span>
     <span class='ocr_line' id='line_1_99' title="bbox 1151 2098 1699 2145; baseline 0 -13"><span class='ocrx_word' id='word_1_555' title='bbox 1151 2098 1211 2132; x_wconf 79' lang='lat' dir='ltr'><strong>Set</strong></span> <span class='ocrx_word' id='word_1_556' title='bbox 1229 2104 1411 2144; x_wconf 80' lang='lat' dir='ltr'><strong>premente</strong></span> <span class='ocrx_word' id='word_1_557' title='bbox 1424 2100 1539 2145; x_wconf 83' lang='lat' dir='ltr'><strong>samis</strong></span> <span class='ocrx_word' id='word_1_558' title='bbox 1562 2100 1699 2145; x_wconf 81' lang='lat' dir='ltr'><strong>pericul</strong></span> 
     </span>
    </p>
   </div>
   <div class='ocr_carea' id='block_1_29' title="bbox 1108 2179 1732 2330">
    <p class='ocr_par' dir='ltr' id='par_1_33' title="bbox 1108 2179 1732 2330">
     <span class='ocr_line' id='line_1_100' title="bbox 1108 2179 1732 2224; baseline 0.002 -12"><span class='ocrx_word' id='word_1_559' title='bbox 1108 2179 1270 2221; x_wconf 56' lang='lat' dir='ltr'><strong>,Quantus</strong></span> <span class='ocrx_word' id='word_1_560' title='bbox 1291 2180 1398 2220; x_wconf 85' lang='lat' dir='ltr'><strong>dolor,</strong></span> <span class='ocrx_word' id='word_1_561' title='bbox 1423 2185 1550 2224; x_wconf 84' lang='lat' dir='ltr'><strong>quanta</strong></span> <span class='ocrx_word' id='word_1_562' title='bbox 1572 2182 1732 2215; x_wconf 79' lang='lat' dir='ltr'><strong>calamita</strong></span> 
     </span>
     <span class='ocr_line' id='line_1_101' title="bbox 1154 2233 1725 2279; baseline 0.002 -12"><span class='ocrx_word' id='word_1_563' title='bbox 1154 2233 1185 2266; x_wconf 91' lang='lat' dir='ltr'><em>O</em></span> <span class='ocrx_word' id='word_1_564' title='bbox 1208 2236 1282 2278; x_wconf 79' lang='lat' dir='ltr'><strong>quis</strong></span> <span class='ocrx_word' id='word_1_565' title='bbox 1304 2236 1428 2279; x_wconf 89' lang='lat' dir='ltr'><strong>pudor,</strong></span> <span class='ocrx_word' id='word_1_566' title='bbox 1452 2235 1562 2279; x_wconf 82' lang='lat' dir='ltr'><strong>qualis</strong></span> <span class='ocrx_word' id='word_1_567' title='bbox 1584 2237 1725 2268; x_wconf 77' lang='lat' dir='ltr'><strong>anxieta</strong></span> 
     </span>
     <span class='ocr_line' id='line_1_102' title="bbox 1152 2286 1686 2330; baseline 0.004 -10"><span class='ocrx_word' id='word_1_568' title='bbox 1152 2286 1259 2330; x_wconf 61' lang='lat' dir='ltr'><strong>Quod</strong></span> <span class='ocrx_word' id='word_1_569' title='bbox 1277 2289 1448 2322; x_wconf 81' lang='lat' dir='ltr'><strong>succubuit</strong></span> <span class='ocrx_word' id='word_1_570' title='bbox 1469 2289 1686 2322; x_wconf 59' lang='lat' dir='ltr'><strong>chrzktiam&#39;ta</strong></span> 
     </span>
    </p>
   </div>
   <div class='ocr_carea' id='block_1_30' title="bbox 1109 1941 1887 2387">
    <p class='ocr_par' dir='ltr' id='par_1_34' title="bbox 1109 1941 1887 2387">
     <span class='ocr_line' id='line_1_103' title="bbox 1109 1941 1887 2155; baseline 0 -181"><span class='ocrx_word' id='word_1_571' title='bbox 1109 1942 1186 1984; x_wconf 58' lang='grc' dir='ltr'><strong>ἔξω</strong></span> <span class='ocrx_word' id='word_1_572' title='bbox 1207 1941 1348 1985; x_wconf 78' lang='lat' dir='ltr'><strong>signata</strong></span> <span class='ocrx_word' id='word_1_573' title='bbox 1371 1943 1481 1975; x_wconf 78' lang='lat' dir='ltr'><strong>crucis</strong></span> <span class='ocrx_word' id='word_1_574' title='bbox 1502 1943 1666 1985; x_wconf 83' lang='lat' dir='ltr'><strong>signacul</strong></span> <span class='ocrx_word' id='word_1_575' title='bbox 1873 1941 1887 2155; x_wconf 57' lang='grc' dir='ltr'>Ξ</span> 
     </span>
     <span class='ocr_line' id='line_1_104' title="bbox 1874 2200 1883 2298; baseline 0 0"><span class='ocrx_word' id='word_1_576' title='bbox 1874 2200 1883 2298; x_wconf 62' lang='grc' dir='ltr'><em>ἓ</em></span> 
     </span>
     <span class='ocr_line' id='line_1_105' title="bbox 1151 2301 1882 2387; baseline 0.004 -14"><span class='ocrx_word' id='word_1_577' title='bbox 1151 2341 1345 2385; x_wconf 79' lang='lat' dir='ltr'><strong>Impiorum</strong></span> <span class='ocrx_word' id='word_1_578' title='bbox 1365 2343 1501 2386; x_wconf 84' lang='lat' dir='ltr'><strong>gaudet</strong></span> <span class='ocrx_word' id='word_1_579' title='bbox 1522 2344 1667 2387; x_wconf 78' lang='lat' dir='ltr'><strong>impieta</strong></span> <span class='ocrx_word' id='word_1_580' title='bbox 1873 2301 1882 2383; x_wconf 52' lang='lat' dir='ltr'><strong>i</strong></span> 
     </span>
    </p>
   </div>
   <div class='ocr_carea' id='block_1_31' title="bbox 1153 2474 1722 2574">
    <p class='ocr_par' dir='ltr' id='par_1_35' title="bbox 1153 2474 1722 2574">
     <span class='ocr_line' id='line_1_106' title="bbox 1153 2474 1662 2520; baseline 0.002 -13"><span class='ocrx_word' id='word_1_581' title='bbox 1153 2474 1225 2508; x_wconf 87' lang='lat' dir='ltr'><strong>Cur</strong></span> <span class='ocrx_word' id='word_1_582' title='bbox 1245 2476 1294 2508; x_wconf 81' lang='lat' dir='ltr'><strong>sic</strong></span> <span class='ocrx_word' id='word_1_583' title='bbox 1315 2476 1447 2520; x_wconf 79' lang='lat' dir='ltr'><strong>placuit</strong></span> <span class='ocrx_word' id='word_1_584' title='bbox 1467 2487 1526 2508; x_wconf 83' lang='lat' dir='ltr'><strong>nos</strong></span> <span class='ocrx_word' id='word_1_585' title='bbox 1550 2476 1662 2509; x_wconf 78' lang='lat' dir='ltr'><strong>deicer</strong></span> 
     </span>
     <span class='ocr_line' id='line_1_107' title="bbox 1154 2529 1722 2574; baseline 0.002 -13"><span class='ocrx_word' id='word_1_586' title='bbox 1154 2529 1250 2562; x_wconf 76' lang='lat' dir='ltr'><strong>Mori</strong></span> <span class='ocrx_word' id='word_1_587' title='bbox 1269 2530 1359 2562; x_wconf 83' lang='lat' dir='ltr'><strong>malo</strong></span> <span class='ocrx_word' id='word_1_588' title='bbox 1381 2541 1481 2574; x_wconf 86' lang='lat' dir='ltr'><strong>quam</strong></span> <span class='ocrx_word' id='word_1_589' title='bbox 1504 2530 1598 2562; x_wconf 83' lang='lat' dir='ltr'><strong>ultra</strong></span> <span class='ocrx_word' id='word_1_590' title='bbox 1621 2530 1722 2563; x_wconf 84' lang='lat' dir='ltr'><strong>viver</strong></span> 
     </span>
    </p>
   </div>
   <div class='ocr_carea' id='block_1_32' title="bbox 1108 2421 1924 2624">
    <p class='ocr_par' dir='ltr' id='par_1_36' title="bbox 1108 2421 1924 2624">
     <span class='ocr_line' id='line_1_108' title="bbox 1108 2421 1622 2465; baseline 0.004 -12"><span class='ocrx_word' id='word_1_591' title='bbox 1108 2421 1187 2454; x_wconf 76' lang='lat' dir='ltr'><strong>lesu</strong></span> <span class='ocrx_word' id='word_1_592' title='bbox 1209 2421 1301 2460; x_wconf 83' lang='lat' dir='ltr'><strong>bone,</strong></span> <span class='ocrx_word' id='word_1_593' title='bbox 1324 2423 1358 2454; x_wconf 79' lang='lat' dir='ltr'><strong>si</strong></span> <span class='ocrx_word' id='word_1_594' title='bbox 1367 2421 1433 2465; x_wconf 86' lang='lat' dir='ltr'><strong>fas</strong></span> <span class='ocrx_word' id='word_1_595' title='bbox 1455 2428 1505 2455; x_wconf 84' lang='lat' dir='ltr'><strong>est</strong></span> <span class='ocrx_word' id='word_1_596' title='bbox 1527 2423 1622 2455; x_wconf 82' lang='lat' dir='ltr'><strong>dicer</strong></span> 
     </span>
     <span class='ocr_line' id='line_1_109' title="bbox 1871 2428 1924 2624; baseline 0 -88"><span class='ocrx_word' id='word_1_597' title='bbox 1871 2428 1881 2624; x_wconf 51' lang='grc' dir='ltr'><strong>ἒ</strong></span> <span class='ocrx_word' id='word_1_598' title='bbox 1906 2515 1924 2536; x_wconf 52' lang='lat'>2</span> 
     </span>
     <span class='ocr_line' id='line_1_110' title="bbox 1155 2583 1710 2616; baseline 0.002 -1"><span class='ocrx_word' id='word_1_599' title='bbox 1155 2583 1259 2616; x_wconf 77' lang='lat' dir='ltr'><strong>Uinci</strong></span> <span class='ocrx_word' id='word_1_600' title='bbox 1278 2584 1395 2616; x_wconf 79' lang='lat' dir='ltr'><strong>uidens</strong></span> <span class='ocrx_word' id='word_1_601' title='bbox 1417 2584 1571 2616; x_wconf 81' lang='lat' dir='ltr'><strong>debentes</strong></span> <span class='ocrx_word' id='word_1_602' title='bbox 1593 2584 1710 2616; x_wconf 86' lang='lat' dir='ltr'><strong>uincer</strong></span> 
     </span>
    </p>
   </div>
   <div class='ocr_carea' id='block_1_33' title="bbox 1110 2654 1321 2661">
    <p class='ocr_par' dir='ltr' id='par_1_37' title="bbox 1110 2654 1321 2661">
     <span class='ocr_line' id='line_1_111' title="bbox 1110 2654 1321 2661; baseline 0 0"><span class='ocrx_word' id='word_1_603' title='bbox 1110 2654 1321 2661; x_wconf 95' lang='lat' dir='ltr'><strong> </strong></span> 
     </span>
    </p>
   </div>
   <div class='ocr_carea' id='block_1_34' title="bbox 1107 2692 1955 2805">
    <p class='ocr_par' dir='ltr' id='par_1_38' title="bbox 1107 2692 1955 2805">
     <span class='ocr_line' id='line_1_112' title="bbox 1195 2692 1955 2725; baseline 0 -9"><span class='ocrx_word' id='word_1_604' title='bbox 1195 2698 1238 2716; x_wconf 85' lang='lat'><strong>21.</strong></span> <span class='ocrx_word' id='word_1_605' title='bbox 1256 2692 1452 2716; x_wconf 84' lang='lat' dir='ltr'><strong>Acconensem</strong></span> <span class='ocrx_word' id='word_1_606' title='bbox 1471 2692 1569 2716; x_wconf 78' lang='lat' dir='ltr'><strong>scrisse</strong></span> <span class='ocrx_word' id='word_1_607' title='bbox 1588 2694 1663 2716; x_wconf 80' lang='lat' dir='ltr'><strong>altra</strong></span> <span class='ocrx_word' id='word_1_608' title='bbox 1684 2700 1759 2717; x_wconf 83' lang='lat' dir='ltr'><strong>numo</strong></span> <span class='ocrx_word' id='word_1_609' title='bbox 1779 2693 1955 2725; x_wconf 75' lang='lat' dir='ltr'><strong>corregendo,</strong></span> 
     </span>
     <span class='ocr_line' id='line_1_113' title="bbox 1107 2735 1954 2770; baseline 0.001 -11"><span class='ocrx_word' id='word_1_610' title='bbox 1107 2735 1133 2759; x_wconf 81' lang='lat' dir='ltr'><strong>in</strong></span> <span class='ocrx_word' id='word_1_611' title='bbox 1153 2736 1277 2768; x_wconf 77' lang='lat' dir='ltr'><strong>margine</strong></span> <span class='ocrx_word' id='word_1_612' title='bbox 1299 2737 1362 2761; x_wconf 77' lang='lat' dir='ltr'><strong>cod.</strong></span> <span class='ocrx_word' id='word_1_613' title='bbox 1383 2750 1414 2754; x_wconf 90' lang='lat'><strong>—-</strong></span> <span class='ocrx_word' id='word_1_614' title='bbox 1436 2743 1476 2768; x_wconf 80' lang='lat'><strong>²4·</strong></span> <span class='ocrx_word' id='word_1_615' title='bbox 1489 2739 1589 2761; x_wconf 84' lang='lat' dir='ltr'><strong>auctor</strong></span> <span class='ocrx_word' id='word_1_616' title='bbox 1602 2737 1678 2761; x_wconf 77' lang='lat' dir='ltr'><strong>Uon.</strong></span> <span class='ocrx_word' id='word_1_617' title='bbox 1694 2750 1726 2754; x_wconf 81' lang='lat'>-</span> <span class='ocrx_word' id='word_1_618' title='bbox 1740 2743 1783 2768; x_wconf 88' lang='lat'><strong>39.</strong></span> <span class='ocrx_word' id='word_1_619' title='bbox 1798 2737 1954 2770; x_wconf 81' lang='lat' dir='ltr'><strong>Impiorum</strong></span> 
     </span>
     <span class='ocr_line' id='line_1_114' title="bbox 1107 2779 1205 2805; baseline 0.02 -2"><span class='ocrx_word' id='word_1_620' title='bbox 1107 2779 1205 2805; x_wconf 74' lang='lat' dir='ltr'><strong>Pznrz</strong></span> 
     </span>
    </p>
   </div>
   <div class='ocr_carea' id='block_1_35' title="bbox 193 2962 1951 2998">
    <p class='ocr_par' dir='ltr' id='par_1_39' title="bbox 193 2962 1951 2998">
     <span class='ocr_line' id='line_1_115' title="bbox 193 2962 1951 2998; baseline 0.001 -9"><span class='ocrx_word' id='word_1_621' title='bbox 193 2963 202 2980; x_wconf 75' lang='grc' dir='ltr'>Ι</span> <span class='ocrx_word' id='word_1_622' title='bbox 221 2964 275 2988; x_wconf 89' lang='lat' dir='ltr'><strong>Nel</strong></span> <span class='ocrx_word' id='word_1_623' title='bbox 294 2963 366 2989; x_wconf 82' lang='lat' dir='ltr'><strong>Cod.</strong></span> <span class='ocrx_word' id='word_1_624' title='bbox 385 2963 412 2988; x_wconf 90' lang='lat' dir='ltr'><strong>di</strong></span> <span class='ocrx_word' id='word_1_625' title='bbox 434 2963 509 2988; x_wconf 77' lang='lat' dir='ltr'><strong>Mem</strong></span> <span class='ocrx_word' id='word_1_626' title='bbox 527 2964 626 2995; x_wconf 82' lang='lat' dir='ltr'><strong>questa</strong></span> <span class='ocrx_word' id='word_1_627' title='bbox 641 2962 740 2987; x_wconf 73' lang='lat' dir='ltr'><strong>Assisa</strong></span> <span class='ocrx_word' id='word_1_628' title='bbox 761 2963 790 2987; x_wconf 82' lang='lat' dir='ltr'><strong>fu</strong></span> <span class='ocrx_word' id='word_1_629' title='bbox 804 2962 966 2988; x_wconf 73' lang='lat' dir='ltr'><strong>modificata</strong></span> <span class='ocrx_word' id='word_1_630' title='bbox 984 2971 999 2988; x_wconf 90' lang='lat' dir='ltr'><strong>e</strong></span> <span class='ocrx_word' id='word_1_631' title='bbox 1052 2963 1065 2978; x_wconf 71' lang='lat'><strong>⁴¹</strong></span> <span class='ocrx_word' id='word_1_632' title='bbox 1078 2966 1173 2988; x_wconf 85' lang='lat' dir='ltr'><strong>torum</strong></span> <span class='ocrx_word' id='word_1_633' title='bbox 1193 2966 1220 2989; x_wconf 88' lang='lat' dir='ltr'><strong>et</strong></span> <span class='ocrx_word' id='word_1_634' title='bbox 1240 2965 1385 2990; x_wconf 82' lang='lat' dir='ltr'><strong>daciarum</strong></span> <span class='ocrx_word' id='word_1_635' title='bbox 1408 2965 1527 2990; x_wconf 73' lang='lat' dir='ltr'><strong>infamia</strong></span> <span class='ocrx_word' id='word_1_636' title='bbox 1540 2984 1553 2996; x_wconf 85' lang='lat'>„</span> <span class='ocrx_word' id='word_1_637' title='bbox 1575 2973 1589 2989; x_wconf 87' lang='lat' dir='ltr'><strong>e</strong></span> <span class='ocrx_word' id='word_1_638' title='bbox 1607 2965 1673 2990; x_wconf 79' lang='lat' dir='ltr'><strong>“De</strong></span> <span class='ocrx_word' id='word_1_639' title='bbox 1686 2965 1951 2998; x_wconf 80' lang='lat' dir='ltr'><strong>blasphemantibus</strong></span> 
     </span>
    </p>
   </div>
   <div class='ocr_carea' id='block_1_36' title="bbox 107 3004 1563 3039">
    <p class='ocr_par' dir='ltr' id='par_1_40' title="bbox 22 2984 1563 3048">
     <span class='ocr_line' id='line_1_116' title="bbox 107 3004 1563 3039; baseline 0.001 -7.945"><span class='ocrx_word' id='word_1_640' title='bbox 107 3005 202 3031; x_wconf 71' lang='lat' dir='ltr'><strong>dlvha</strong></span> <span class='ocrx_word' id='word_1_641' title='bbox 221 3007 266 3031; x_wconf 77' lang='lat' dir='ltr'><strong>nel</strong></span> <span class='ocrx_word' id='word_1_642' title='bbox 286 3007 339 3032; x_wconf 85' lang='lat' dir='ltr'><strong>due</strong></span> <span class='ocrx_word' id='word_1_643' title='bbox 355 3006 437 3031; x_wconf 79' lang='lat' dir='ltr'><strong>titoll</strong></span> <span class='ocrx_word' id='word_1_644' title='bbox 455 3012 490 3038; x_wconf 87' lang='lat'><strong>90</strong></span> <span class='ocrx_word' id='word_1_645' title='bbox 507 3013 522 3030; x_wconf 87' lang='lat' dir='ltr'><strong>e</strong></span> <span class='ocrx_word' id='word_1_646' title='bbox 541 3012 572 3037; x_wconf 85' lang='lat'><strong>9¹</strong></span> <span class='ocrx_word' id='word_1_647' title='bbox 594 3005 639 3030; x_wconf 85' lang='lat' dir='ltr'><strong>del</strong></span> <span class='ocrx_word' id='word_1_648' title='bbox 660 3004 737 3030; x_wconf 81' lang='lat' dir='ltr'><strong>L1br.</strong></span> <span class='ocrx_word' id='word_1_649' title='bbox 758 3004 812 3030; x_wconf 86' lang='lat'>111:</span> <span class='ocrx_word' id='word_1_650' title='bbox 831 3005 897 3030; x_wconf 73' lang='lat' dir='ltr'><strong>“De</strong></span> <span class='ocrx_word' id='word_1_651' title='bbox 916 3005 999 3030; x_wconf 83' lang='lat' dir='ltr'><strong>Alea·</strong></span> <span class='ocrx_word' id='word_1_652' title='bbox 1057 3005 1169 3031; x_wconf 72' lang='lat' dir='ltr'><strong>“Deum</strong></span> <span class='ocrx_word' id='word_1_653' title='bbox 1188 3008 1217 3031; x_wconf 84' lang='lat' dir='ltr'><strong>et</strong></span> <span class='ocrx_word' id='word_1_654' title='bbox 1236 3007 1385 3039; x_wconf 79' lang='lat' dir='ltr'><strong>Vlrginem</strong></span> <span class='ocrx_word' id='word_1_655' title='bbox 1406 3007 1526 3032; x_wconf 75' lang='lat' dir='ltr'><strong>Mariam</strong></span> <span class='ocrx_word' id='word_1_656' title='bbox 1539 3026 1563 3038; x_wconf 82' lang='lat'><strong>„.</strong></span> 
     </span>
    </p>
   </div>
  </div>
 </body>
</html>
