2320 3444
38 1112 49 1155 i
62 1105 82 1138 5

1 2426 6 2452 ψ
48 2432 78 2460 ις

29 2645 82 2680 Lno

2 2845 9 2853 t
29 2826 81 2882 ’,ις

40 252 53 267 „
103 233 155 271 [Α.
175 233 269 270 1242}

47 546 51 566 ἱ
105 525 211 553 tatem
225 520 246 552 ¹.

884 227 1084 264 CHRONI
1089 228 1120 262 C
1125 228 1162 263 A

191 361 314 394 Mense
337 359 448 394 Madii
471 360 632 393 Andreas
648 361 830 394 ‹le-cicala
845 361 964 404 Regni
988 360 1200 403 capitaneus,
1215 355 1308 392 iussu
1323 359 1463 392 Cesaris
1478 364 1690 402 congregato
1706 358 1859 391 exercitu
1874 364 1943 390 tam

104 414 252 447 militum
274 425 378 458 quam
401 414 622 447 seruientium
639 415 683 447 de
699 414 839 457 Regno,
861 424 966 457 super
987 414 1102 446 Reate
1118 413 1227 450 uadit,
1244 423 1345 456 quam
1363 412 1514 445 exterius
1529 417 1637 445 totam
1653 413 1821 445 deuastat.
1867 411 1945 443 Dux

58 471 59 474 ’
104 466 239 510 Spoleti
261 477 325 509 pro
348 473 447 509 parte
460 467 680 509 Imperatoris
703 477 807 509 super
823 466 990 499 Narniam
1011 466 1118 504 uadit,
1143 472 1177 498 et
1192 475 1294 509 quam
1311 470 1427 507 potest
1441 465 1528 497 facit
1542 465 1578 497 in
1593 464 1817 498 exterioribus
1839 464 1943 496 uasti-

293 520 436 553 Denarii
461 520 544 553 noui
567 521 693 553 dantur
716 520 754 552 in
778 520 909 553 Sancto
933 520 1111 552 Germano
1122 519 1146 552 ¹.

196 573 347 607 Romani
370 583 475 616 super
497 573 619 617 Tybur
642 574 786 611 uadunt,
809 578 845 605 et
867 573 963 605 illam
986 574 1023 605 in
1046 573 1155 611 oliuis,
1178 573 1306 605 uitibus
1328 578 1362 604 et
1385 572 1462 604 aliis
1486 571 1676 604 crudeliter
1697 571 1879 604 deuastant
1890 569 1913 602 ⁸.

193 626 274 670 Ipso
297 637 416 660 mense
438 626 550 659 Madii
574 628 751 660 exercitus
774 626 963 669 imperialis
987 627 1031 659 de
1055 626 1216 659 Marchia
1238 625 1336 658 uadit
1359 635 1462 669 super
1485 624 1664 667 Asculum,
1695 631 1731 657 et
1753 625 1861 667 ipsam
1894 624 1942 656 ci-

104 679 246 713 uitatem
269 680 406 713 obsidet
428 681 579 712 exterius
600 687 636 713 et
659 680 820 713 dinastat.

191 733 472 766 Mediolanenses
494 739 528 766 et
550 731 756 765 Brexienses
771 742 849 764 cum
865 743 984 764 eorum
1000 732 1229 774 complicibus
1245 732 1304 775 qui
1320 737 1398 764 sunt
1414 732 1464 764 eis
1478 731 1667 764 aduersarii
1684 737 1719 764 et
1734 732 1794 774 qui
1810 737 1944 774 partem

104 786 227 819 fouent
250 786 471 832 Imperatoris
492 785 665 819 hostiliter
686 786 913 829 impugnant;
938 788 997 828 qui
1018 791 1167 818 castrum
1190 785 1365 828 quoddam
1390 786 1485 828 quod
1508 785 1638 817 Yseum
1663 785 1790 818 dicitur
1813 785 1856 817 de
1872 785 1944 827 epi-

40 840 83 872 0
104 846 248 882 scopatu
271 839 446 872 Brexiensi
469 839 504 871 ui
528 839 686 882 optinent
708 844 742 871 et
765 839 940 881 recipiunt
963 839 1010 870 ad
1034 839 1230 871 mandatum
1254 849 1350 870 suum
1363 838 1386 870 ⁴.

193 893 350 936 Reginus
381 898 416 925 et
449 891 624 925 Taurinus
646 892 808 934 >episcopi
840 892 884 924 de
916 890 1128 924 Lombardia
1158 892 1205 924 ad
1236 891 1483 933 Imperatorem
1515 892 1550 923 in
1582 891 1744 933 Apuliam
1776 892 1909 925 uadunt
1922 891 1943 924 ⁵.

105 945 273 979 Homines
295 945 447 979 demanii
470 944 682 988 ubicumque
704 944 836 977 inuenti
859 954 924 986 per
945 943 1118 976 abbatiam
1142 944 1365 977 Casinensem
1382 950 1603 982 reuocantur‚
1628 950 1662 976 et
1689 945 1944 987 compelluntur

105 999 150 1033 de
173 1000 339 1032 mandato
361 997 530 1042 principis
552 997 603 1030 ire
628 998 672 1031 ad
694 997 922 1030 habitandum
945 997 990 1030 ad
1013 996 1199 1030 Ciuitatem
1223 1008 1349 1030 nouam
1363 997 1384 1029 ⁶.

191 1051 312 1086 Mense
335 1052 425 1084 Iunii
449 1051 614 1084 Asculum
639 1061 675 1083 se
699 1050 816 1084 reddit
838 1056 874 1083 et
895 1051 990 1083 uenit
1013 1051 1059 1083 ad
1082 1051 1283 1084 mandatum
1305 1050 1528 1092 Imperatoris
1539 1049 1562 1082 ⁷.

193 1106 347 1139 Thomas
370 1104 579 1138 Acerrarum
605 1114 722 1137 comes
744 1104 947 1147 capitaneus
969 1104 1006 1136 in
1031 1104 1166 1148 Syriam
1190 1104 1392 1136 transfretat
1404 1103 1426 1136 ⁸.

191 1158 366 1192 Berardus
389 1168 507 1191 comes
530 1157 737 1200 Manuplelli
760 1157 855 1190 iussu
876 1157 1046 1200 principis
1067 1158 1105 1190 in
1128 1157 1328 1190 Sardiniam
1351 1158 1450 1190 uadit
1461 1156 1492 1190 ⁹.'

192 1212 396 1246 Patriarcha
418 1211 664 1255 Aquilegensis
687 1212 745 1255 qui
768 1222 833 1254 pro
857 1212 952 1244 facto
975 1211 1203 1244 Tartarorum
1228 1210 1272 1243 ad
1297 1211 1542 1254 Imperatorem
1569 1219 1725 1251 uenerat,
1749 1212 1946 1245 licentiatus

103 1266 148 1300 ab
170 1277 213 1300 eo
235 1266 272 1298 in
294 1277 355 1298 sua
376 1265 511 1299 recedit
525 1265 558 1298 ¹⁰.

605 1265 798 1308 Imperator
821 1265 896 1308 ipse
920 1265 964 1297 de
989 1265 1120 1306 Apulia
1142 1270 1225 1298 tunc
1248 1264 1344 1297 uenit
1367 1265 1535 1307 Capuam,
1553 1271 1587 1298 et
1602 1265 1686 1298 inde
1702 1277 1763 1308 per
1780 1265 1945 1299 Sanctum

104 1319 314 1353 Germanum
338 1326 372 1351 et
394 1330 458 1361 per
480 1317 656 1362 Aquinum
681 1319 861 1356 transiens,
885 1318 982 1351 uadit
1005 1318 1050 1350 ad
1074 1317 1260 1351 Ciuitatem
1282 1329 1408 1351 nouam
1424 1318 1458 1356 ¹¹,
1481 1319 1539 1351 ubi
1556 1330 1620 1361 per
1635 1319 1710 1352 dies
1726 1319 1857 1362 aliquot
1873 1331 1946 1352 mo-

104 1431 216 1459 totum
239 1426 349 1469 ipsum
373 1436 527 1458 mensem
557 1426 648 1458 Iunii
679 1431 831 1458 moratus
862 1424 962 1458 est¹².

103 1543 227 1567 uersus
249 1539 312 1566 est.

38 1374 83 1406 0
105 1383 178 1406 ram
202 1373 349 1412 faciens,
373 1383 494 1405 uersus
518 1371 637 1405 Soram
668 1372 773 1411 uadit,
803 1378 839 1405 et
868 1372 953 1405 inde
985 1372 1145 1414 procedit
1175 1372 1211 1403 in
1242 1372 1416 1411 Maniam,
1447 1372 1506 1404 ubi
1536 1378 1620 1415 aput
1650 1373 1853 1406 Auezanum
1883 1384 1946 1415 per

1008 1425 1131 1457 Mense
1155 1425 1233 1457 Iulii
1257 1432 1472 1469 congregato
1495 1427 1653 1459 exercitu
1677 1426 1818 1468 copioso
1844 1437 1947 1469 super

105 1480 237 1513 Urbem
261 1479 369 1519 uadit,
390 1486 426 1513 et
442 1479 604 1512 hostilem
621 1479 755 1512 faciens
770 1479 808 1511 in
823 1478 1053 1512 exterioribus
1068 1479 1263 1512 uastitatem
1276 1478 1311 1511 ¹³.

1357 1480 1481 1512 Mense
1497 1479 1644 1523 Augusti
1661 1480 1694 1512 in
1711 1480 1873 1524 Regnum
1891 1492 1945 1513 re-

193 1587 246 1620 Eo
270 1597 388 1619 mense
411 1586 516 1619 Oddo
539 1585 729 1619 cardinalis
751 1586 920 1619 liberatur
935 1592 970 1619 et
986 1586 1171 1629 episcopus
1187 1586 1411 1619 Prenestinus
1428 1597 1505 1619 cum
1522 1586 1686 1630 magistro
1702 1587 1856 1620 Iohanne
1873 1587 1944 1621 To-

35 1640 222 1674 '051etan0
244 1639 380 1673 reducti
402 1651 422 1672 a
444 1639 600 1684 Tybure,
622 1639 660 1672 in
684 1649 788 1672 rocca
811 1639 896 1678 Iani,
920 1650 988 1683 que
1012 1645 1064 1673 est
1086 1650 1192 1682 super
1214 1639 1379 1674 Sanctum
1409 1640 1620 1673 Germanum
1633 1639 1666 1678 ¹⁴,
1689 1641 1854 1673 seruandi
1877 1647 1945 1674 tra-

195 1781 220 1808 5.
237 1778 266 1801 et
285 1776 353 1800 aliis
371 1775 568 1801 comestillbus
586 1776 670 1805 Uen„
689 1777 751 1801 Dm.
770 1775 814 1800 Ru
834 1790 865 1795 —
888 1774 913 1801 6.
938 1775 1044 1801 Eodem
1064 1783 1158 1801 mense
1176 1778 1319 1801 exercitus
1338 1775 1424 1806 UGH.‚'
1444 1777 1507 1802 Dm:
1525 1777 1570 1801 Ra
1589 1790 1621 1795 —
1642 1776 1698 1810 8-9.
1718 1779 1826 1810 partem
1849 1778 1947 1802 favent

106 1817 289 1852 imperatoris
308 1817 392 1850 Usa„
414 1819 477 1844 Dan
496 1819 541 1843 RE
565 1832 598 1836 —
617 1826 642 1851 9.
667 1819 838 1851 impugnant
863 1820 986 1843 castrum
1005 1819 1158 1851 quoddam.
1177 1819 1252 1850 quod
1271 1819 1347 1844 Iseus
1368 1820 1456 1844 frater
1474 1819 1549 1844 Uon.
1570 1833 1602 1837 —
1625 1827 1665 1845 10.
1684 1821 1798 1845 obtinet
1818 1820 1893 1845 Usi-1.
1913 1834 1945 1838 —

109 1867 150 1885 11.
169 1859 296 1893 Reginus
315 1862 343 1885 et
361 1861 504 1885 Taurinus
524 1860 574 1893 qui
593 1861 627 1885 de
645 1860 818 1886 Lombardia
836 1861 921 1890 Uen..
942 1861 1004 1886 Dat
1022 1861 1066 1885 Ra
1086 1875 1116 1878 -—
1147 1866 1186 1892 15.
1211 1860 1336 1886 Thomas
1360 1869 1454 1886 comes
1474 1863 1642 1886 Aeerrarum
1661 1862 1747 1892 Uen„
1768 1863 1831 1887 DEL
1849 1862 1894 1886 Ru
1913 1876 1945 1880 -

195 2003 202 2020 ¹
229 2005 341 2031 Mentre
366 2005 482 2030 Andrea
507 2004 608 2030 Cicala
636 2013 651 2030 e
675 2005 823 2031 Giovanni
851 2005 997 2035 Colmma,

105 2046 176 2071 duca
195 2046 225 2071 di
244 2045 370 2078 spoleto,
391 2047 586 2071 devastavano
605 2047 615 2071 i
633 2046 765 2072 territori
783 2047 897 2078 esterni,
918 2046 998 2071 l’uno

105 2089 136 2114 di
155 2089 231 2114 Rleti
251 2096 266 2113 e
286 2089 383 2114 l'altro
402 2089 432 2113 dl
452 2089 552 2119 Narni,
571 2089 582 2113 i
601 2089 723 2114 Romani
750 2089 945 2114 devastavano
970 2090 997 2113 le

105 2133 179 2156 terre
197 2131 227 2156 di
246 2131 356 2161 Tivoii,
376 2131 532 2163 presidiata
553 2131 588 2156 da
606 2132 762 2156 Tommaso
775 2132 804 2156 di
819 2132 996 2156 Montenero.

193 2171 205 2189 ¹
222 2173 293 2199 Pare
312 2174 362 2198 che
382 2175 411 2198 in
430 2176 532 2206 questo
550 2166 628 2199 anno
647 2182 706 2199 non
727 2175 750 2199 si
771 2175 813 2199 sia
832 2174 996 2199 modificato

106 2218 198 2248 punto
218 2217 239 2240 n
259 2217 346 2241 conio
365 2217 442 2248 degli
463 2217 625 2250 Augustali,
644 2217 695 2241 che
713 2224 850 2247 avevano,
863 2225 941 2241 come
954 2217 996 2241 di-

106 2266 213 2284 cemmo
232 2259 255 2283 il
275 2266 342 2292 peso
361 2258 392 2283 di
410 2266 452 2291 gr.
475 2265 545 2292 23¹·

194 2299 206 2316 ³
226 2301 260 2325 V.
280 2308 307 2325 n.
330 2308 353 2326 1.

194 2341 204 2359 ⁴
223 2343 284 2368 Iseo
304 2344 378 2368 sulla
397 2344 462 2368 riva
474 2343 626 2369 Brescians
638 2344 684 2369 del
698 2344 764 2377 lugo
777 2345 933 2375 omonimo,
947 2344 997 2368 che

106 2385 212 2418 prende
230 2386 253 2411 il
272 2393 355 2410 nome
373 2386 403 2410 di
422 2385 530 2411 Sabino
550 2394 566 2411 a
585 2388 758 2412 cominciare
776 2388 812 2412 dn
826 2386 997 2419 Gan-garino.

195 2426 206 2443 θ
224 2427 259 2455 V.
278 2435 305 2453 n.
328 2435 350 2453 1.

195 2468 207 2486 ⁸
225 2471 258 2495 V.
277 2478 305 2504 p.
325 2476 375 2495 211
397 2479 424 2496 n.
447 2477 475 2495 ιε
491 2470 504 2484 “
515 2469 629 2496 Civitas
643 2478 718 2496 nova
729 2489 742 2503 „
763 2470 779 2496 ὲ
791 2471 870 2497 detta
884 2479 952 2505 pure
966 2473 996 2496 in

106 2512 297 2538 un’inchiesta
317 2514 389 2538 satta
407 2514 434 2538 al
454 2515 552 2546 tempo
571 2514 599 2538 dl
621 2521 650 2538 re
668 2514 794 2539 Roberto
813 2514 938 2547 d’Angio
952 2515 998 2539 nel

77 2560 80 2563 ⁴
110 2561 186 2587 13²4.
222 2555 268 2580 Un
288 2556 407 2580 vecchio
427 2557 580 2580 testimone
599 2557 715 2581 dicevn:
729 2556 828 2588 ‘quod
843 2557 904 2590 lpse
923 2557 998 2582 vidit

110 2597 261 2630 “tempore
279 2598 461 2630 imperatoris
481 2597 619 2623 Frlderlcl
641 2598 747 2623 dietam
768 2599 952 2624 colluneilam
967 2601 998 2624 in

108 2638 255 2672 “quodam
275 2640 341 2664 loco
358 2641 408 2665 ubi
433 2641 519 2665 aliter
543 2640 601 2665 fuit
619 2641 737 2672 quedam
756 2641 860 2666 civitas
878 2643 906 2666 et
924 2642 998 2666 dice-

110 2680 218 2707 “bntur
236 2681 350 2708 Civitas
370 2689 446 2707 nova
471 2685 498 2706 et
522 2684 605 2707 extra
625 2683 731 2707 dictam
750 2684 896 2708 civitatem
918 2685 999 2708 luxta

109 2722 123 2736 ⁴¹
134 2723 210 2748 viam
230 2724 376 2757 puplicam
395 2732 450 2756 qus
464 2725 558 2750 ibatur
572 2723 748 2757 Ceperanum
763 2726 839 2750 inter
849 2725 999 2750 clvitatem

109 2765 224 2798 “ipsam
249 2767 277 2790 et
302 2764 489 2799 Ceperanum,
515 2768 543 2791 et
567 2766 716 2791 dicebatur
740 2766 817 2799 quod
842 2766 999 2799 imperator

109 2806 241 2832 “fecerat
258 2807 366 2832 dictam
390 2809 540 2833 civitatem
564 2808 734 2839 construl„;
762 2807 912 2834 Gmsxm
937 2809 1000 2834 Dan

109 2848 247 2880 Glumcss‚
268 2850 365 2876 Codice
383 2850 555 2881 diplomatico
573 2851 619 2875 del
635 2859 721 2882 regno
740 2851 770 2875 dx·
791 2851 875 2877 Carlo
895 2852 914 2876 I
934 2860 948 2876 e
969 2852 1003 2876 II

108 2892 238 2924 d'Angib.
257 2891 375 2924 Naposs,
396 2891 472 2924 1863.
492 2893 551 2918 vol.
570 2893 591 2922 1,
610 2901 637 2925 p.
656 2891 698 2924 98.

197 2931 209 2949 '¹
228 2934 382 2959 L'eserclto
403 2935 549 2967 imperiale
569 2942 658 2960 aveva
677 2936 852 2960 comineinto
866 2936 911 2960 nel
927 2943 1000 2968 mag-

108 2975 159 3007 gio
178 2975 311 3001 l’assedlo
330 2977 358 3001 dl
379 2979 477 3008 questa
497 2975 579 3002 cltti.

196 3016 209 3034 ¹
227 3018 381 3044 'rommaso
400 3019 552 3052 d'Aqulno‚
573 3022 658 3045 conte
679 3020 822 3049 &Acen-ra,
848 3028 927 3045 come
946 3021 1002 3046 Ca-

101 1909 151 1928 no.
169 1902 326 1928 Marchinm
344 1903 393 1928 ubi
412 1905 482 1935 aput
501 1902 576 1928 Uen.
596 1917 629 1921 —
649 1909 690 1928 22.
709 1903 899 1928 exterioribus
919 1903 1110 1928 vastationem
1128 1903 1213 1932 Uen„
1233 1904 1296 1928 Dm
1315 1904 1359 1929 Ru

1052 2007 1133 2038 pltan
1153 2006 1286 2038 generale
1306 2008 1335 2030 in
1348 2006 1424 2031 Siria
1438 2007 1466 2031 lo
1481 2009 1504 2031 si
1519 2009 1601 2032 trova
1616 2007 1672 2032 tino
1688 2007 1715 2032 al
1730 2009 1846 2040 maggio
1863 2007 1944 2039 1²4&

1052 2048 1399 2077 HUILLARD-BREHOLLEs,
1418 2049 1466 2077 VI,
1485 2057 1512 2082 p.
1531 2048 1593 2081 623.

1137 2087 1149 2104 ⁹
1168 2089 1313 2114 Bernardo
1333 2092 1415 2114 conte
1435 2091 1463 2115 dl
1485 2091 1638 2124 Monopoli
1660 2098 1719 2115 non
1738 2090 1753 2116 ὲ
1779 2091 1879 2116 affntto
1905 2092 1944 2115 ri-

1050 2131 1170 2157 cordato
1190 2133 1221 2157 in
1241 2132 1358 2158 Emuco
1377 2132 1482 2164 Bsss'rA,
1504 2134 1546 2158 La
1562 2135 1707 2166 Sardegna
1723 2135 1881 2162 medie-vale,
1896 2134 1945 2158 Pa-

1050 2175 1149 2205 lermo,
1173 2181 1248 2206 1909,
1268 2175 1325 2201 vol.
1348 2175 1360 2199 1
1379 2183 1393 2200 e
1413 2176 1447 2200 11,

1138 2215 1161 2232 ¹⁰
1179 2217 1216 2242 Su
1230 2218 1366 2242 Bertoldo
1379 2218 1525 2243 Patrlarca
1540 2219 1568 2243 dl
1583 2219 1719 2250 Aquileia
1733 2226 1759 2243 v.
1773 2226 1801 2251 p.
1815 2225 1865 2251 ²13
1880 2226 1906 2243 n.
1922 2224 1945 2249 ς.

1050 2259 1102 2284 Nel
1124 2261 1240 2292 maggio
1260 2261 1287 2284 di
1308 2262 1407 2292 questo
1429 2260 1504 2285 anno
1525 2261 1553 2285 lo
1573 2262 1596 2285 si
1618 2261 1729 2286 ritrova
1749 2269 1764 2285 a
1784 2260 1891 2293 Capua,
1910 2260 1946 2285 nd

1051 2309 1275 2334 accompagnure
1292 2302 1486 2335 l'imperatore
1506 2304 1625 2328 insieme
1644 2311 1698 2328 con
1713 2304 1826 2328 Marino
1839 2305 1946 2328 arclve-

1050 2352 1139 2369 seovo
1158 2345 1187 2370 di
1208 2346 1282 2374 Bari.
1304 2345 1405 2370 Ulrico
1432 2353 1555 2371 vescovo
1574 2346 1603 2370 dl
1622 2346 1734 2371 Trieste
1753 2347 1785 2370 ed
1807 2347 1859 2371 alti
1883 2346 1946 2370 fun-

1051 2388 1161 2412 zionari
1182 2388 1213 2412 di
1234 2387 1329 2413 Corte.

1142 2429 1160 2445 ¹¹
1181 2430 1214 2455 V.
1235 2438 1263 2455 n.
1283 2430 1308 2455 6.

1141 2470 1162 2488 ¹⁸
1182 2473 1282 2497 Presso
1302 2472 1456 2498 Avezzano
1470 2473 1500 2498 lo
1513 2473 1539 2498 si
1553 2475 1635 2498 trova
1649 2481 1755 2498 ancora
1770 2473 1790 2496 il
1808 2480 1839 2503 14
1853 2472 1946 2505 luglio

1052 2515 1082 2539 in
1102 2515 1156 2540 dne
1175 2515 1276 2539 lettere
1294 2515 1413 2544 invisito,
1433 2516 1511 2540 l‘una
1531 2516 1565 2540 ad
1586 2516 1701 2540 Andrea
1721 2515 1754 2539 de
1769 2514 1878 2544 cicala,
1898 2522 1947 2546 per

1052 2557 1080 2581 la
1099 2557 1190 2582 difesa
1210 2557 1238 2581 dl
1259 2557 1355 2582 Rocca
1381 2558 1492 2587 d'Arce,
1510 2557 1605 2582 l’altra
1626 2559 1650 2582 ai
1673 2557 1824 2582 Cardinali
1845 2557 1945 2583 amici:

1052 2601 1189 2630 Excerpta
1215 2600 1332 2629 Massil„
1360 2607 1385 2624 n.
1412 2599 1454 2632 38,
1481 2600 1511 2624 in
1535 2600 1763 2628 mesnmsun.
1788 2599 1808 2630 1,
1834 2608 1860 2633 p.
1879 2599 1945 2627 6813

1052 2641 1398 2670 Hermian-Basnonms.
1419 2642 1464 2673 VI,
1486 2650 1512 2675 p.
1533 2649 1579 2675 70:
1598 2643 1732 2671 Bam-nn,
1753 2649 1801 2666 nn.
1820 2647 1928 2674 33¹²·3·

1140 2682 1163 2700 ¹³
1181 2683 1265 2709 Delln
1285 2684 1452 2717 spedizione
1471 2685 1607 2717 punitiva
1626 2686 1728 2708 contro
1748 2684 1839 2708 Roma
1859 2684 1946 2708 Fede-

1052 2726 1115 2751 rico
1135 2726 1194 2751 fece
1213 2735 1251 2751 un
1273 2728 1341 2751 vivo
1365 2730 1502 2751 racconto
1523 2727 1598 2751 nella
1618 2734 1668 2751 sua
1688 2727 1789 2750 lettera
1810 2727 1836 2750 al
1863 2734 1890 2750 re
1916 2726 1945 2750 di

1052 2767 1173 2793 Francia
1193 2769 1237 2792 del
1258 2770 1366 2801 giugno
1390 2775 1465 2801 1245.
1505 2768 1752 2794 “Romanorum..
1765 2785 1790 2793 ..
1810 2775 1876 2792 sane
1897 2775 1946 2800 po-

1054 2810 1163 2843 “pulus
1182 2811 1252 2835 dure
1271 2811 1418 2835 cervicis..
1430 2829 1436 2835 .
1450 2828 1456 2834 .
1469 2829 1492 2843 „‚
1513 2811 1570 2843 egli
1592 2810 1663 2838 dice,
1683 2818 1697 2834 e
1717 2811 1876 2843 soggiunge
1895 2811 1946 2834 che

1053 2851 1143 2877 Roma
1164 2852 1251 2877 “cum
1271 2853 1386 2885 pulvere
1407 2854 1563 2877 labentlum
1584 2854 1703 2877 turrium
1718 2855 1826 2885 segetes
1838 2860 1947 2885 quoque

1056 2895 1108 2919 “et
1126 2896 1225 2928 predia
1245 2895 1321 2920 ferro
1347 2895 1512 2927 flammaque
1538 2897 1648 2919 vastata
1660 2912 1742 2926 .....
1751 2905 1756 2925 ;
1782 2896 1946 2920 Hummmn-

1054 2937 1236 2967 anmomus,
1255 2938 1302 2966 VI,
1323 2946 1348 2969 p.
1369 2943 1416 2970 95:
1438 2938 1573 2968 Boanum,
1593 2946 1619 2962 n.
1640 2937 1718 2970 3366.

1144 2978 1163 2993 ¹⁴
1184 2980 1277 3004 Rocca
1298 2980 1397 3004 lanula
1415 2987 1433 3004 ο
1454 2979 1483 3004 di
1503 2980 1559 3004 San
1573 2979 1714 3004 Germano
1727 2980 1770 3004 sul
1786 2982 1883 3004 monte
1902 2988 1946 3004 so-

1056 3024 1204 3046 vrastante
1226 3022 1251 3046 la
1273 3025 1359 3046 stessa
1379 3021 1458 3046 cittii.

1862 223 1936 260 215
1952 235 2027 258 Mun..
2042 241 2075 255 cc.
2092 240 2180 260 1049-50

1973 2014 2007 2038 30

1973 2227 2005 2252 35

1974 2438 2008 2463 40

1975 2650 2007 2674 45

1976 2859 2009 2884 50
