2320 3444
160 958 186 978 In
203 957 268 983 sesto
293 956 370 976 sancti

186 985 236 1005 Bar
241 986 250 1004 t
255 984 283 1003 lw
288 985 297 1003 I
301 989 314 1003 o
319 989 340 1003 m
346 984 369 1004 ei

185 1012 260 1032 nostri
285 1010 367 1031 hahue-

185 1040 240 1059 runt
255 1040 349 1059 turrem.

161 1810 292 1831 Cardinalis
306 1811 332 1831 de

187 1838 310 1862 columpna

185 1864 304 1887 liberatur,

212 2091 232 2107 c.
246 2092 284 2112 1²5
294 2093 308 2106 r

335 2829 368 2847 10

339 3039 369 3066 15

399 239 447 276 80
861 235 1137 272 RYCCARDI
1165 235 1236 271 DE
1265 234 1477 271 SANCTO
1506 233 1778 271 GERMANO
1943 239 2027 275 [ΑΛ.
2050 241 2247 278 1217-12181

396 371 532 410 derunt,
567 380 713 414 quorum
744 369 839 402 haud
871 367 1015 401 dubium
1046 367 1092 399 ad
1124 367 1238 400 celum

397 425 509 457 anime
525 424 720 456 auolantur.
744 422 788 455 Et
802 421 912 454 nostri
928 427 1011 454 tunc
1027 421 1239 463 imperfecto

395 477 548 521 negotio,
571 475 759 509 letantibus
781 486 801 507 e
826 474 1000 507 contrario
1025 474 1240 511 Saracenis,

396 531 513 564 tristes
537 534 614 562 sunt
629 528 675 561 ad
692 534 805 562 castra
820 527 969 564 reuersi3
985 533 1038 560 set
1053 533 1241 570 propterea

397 594 465 616 non
496 583 706 616 destiterunt
736 593 757 614 a
787 581 910 624 cepn'8,
945 580 1028 624 quin
1058 580 1162 612 immo
1195 578 1242 612 ad

396 636 663 679 expugnandam
701 640 830 668 turrem
867 634 1098 666 uehementer
1139 643 1241 666 acce-

396 692 534 728 duntur,
558 695 592 722 et
614 699 651 721 se
683 687 871 721 studiosius
901 694 1090 730 preparant
1113 693 1153 719 ut
1184 697 1241 719 ca-

395 744 491 786 piant
505 743 610 775 illam.
645 741 704 774 Ad
720 752 822 785 quam
841 751 918 774 cum
935 750 1000 784 per
1015 750 1123 784 aquas
1139 750 1240 773 acce-

395 797 517 830 derent
539 795 688 828 nauibus
711 800 746 828 et
769 794 942 827 scalarum
958 793 1111 838 ingeniis
1132 793 1242 837 gemi-

394 851 483 883 natis
505 860 568 892 per
598 855 726 882 terram
758 849 884 881 darent
914 854 953 881 ut
982 853 1146 890 poterant
1168 848 1239 880 fre-

394 910 538 948 quentes
560 903 706 936 insultus
721 903 839 936 diuino
855 903 950 935 fretu
966 901 1108 942 auxilio,
1123 912 1241 934 mense

394 957 542 1001 Augusti
571 957 608 988 in
639 957 728 989 festo
759 955 854 988 beati
886 954 1125 988 Bartholomei
1156 964 1241 997 apo-

393 1011 473 1044 stoli
506 1021 582 1043 eam
615 1015 774 1053 potenter
804 1009 1029 1051 optinuerunt
1042 1008 1061 1040 ¹.
1108 1008 1241 1040 Uerum

392 1069 539 1107 quantus
570 1069 651 1095 tunc
692 1063 794 1096 dolor
832 1062 1027 1095 Soldanum
1058 1062 1241 1103 acceperit

391 1117 477 1150 turri
500 1117 638 1160 perdita
661 1122 696 1149 et
727 1121 854 1149 catena
884 1116 998 1148 fracta
1022 1125 1089 1158 que
1115 1114 1242 1148 nostris

393 1171 641 1214 impedimento
665 1175 738 1202 erat
762 1169 806 1202 ad
830 1169 1007 1201 transitum
1026 1168 1240 1206 faciendum,

391 1225 526 1257 referre
550 1223 626 1267 quis
648 1223 791 1266 posset?
816 1221 887 1261 Qui
910 1233 991 1255 mox
1007 1228 1120 1255 metus
1136 1232 1241 1255 causa

393 1268 621 1321 magnanellis
650 1276 811 1319 perferiis
842 1275 1013 1309 ordinatis
1042 1282 1080 1308 ut
1110 1281 1240 1308 turrem

392 1329 565 1373 lapidibus
588 1329 721 1366 obruat,
746 1335 848 1362 nocte
872 1329 999 1372 dieque
1023 1339 1088 1372 pro
1110 1328 1241 1361 uiribus

393 1383 559 1421 elaborat,
583 1382 712 1416 nostris
735 1388 852 1415 tamen
883 1392 959 1415 eam
982 1382 1182 1415 tenentibus
1205 1388 1241 1415 et

392 1437 568 1470 tuentibus
591 1437 739 1470 uiriliter
756 1442 876 1469 contra
892 1436 981 1469 illos.
1027 1435 1099 1474 Qui
1122 1442 1238 1469 autem

392 1491 428 1523 in
451 1491 538 1523 turri
559 1490 693 1523 inuenti
716 1495 805 1527 sunt,
821 1489 948 1533 gladiis
962 1489 1161 1523 occubuere
1177 1501 1239 1522 no-

393 1552 551 1583 strorum,
590 1544 794 1588 quibusdam
824 1555 866 1576 ex
896 1544 980 1586 ipsis
1011 1544 1240 1578 nobilioribus

393 1598 578 1632 reseruatis
603 1598 647 1630 ad
665 1598 771 1630 uitam
796 1608 883 1640 quos
905 1608 961 1630 res
985 1598 1121 1631 uinctos
1144 1598 1240 1640 apud

393 1653 516 1685 Accon
534 1651 655 1696 dirigit
678 1657 712 1684 et
734 1661 813 1683 suas
828 1662 848 1683 a
863 1657 975 1684 morte
998 1652 1130 1684 animas
1151 1650 1240 1684 libe-

394 1715 471 1738 rare
494 1710 677 1749 coguntur.

481 1815 727 1859 [MCCXVIII]
750 1816 828 1849 Hoc
858 1827 949 1850 anno
979 1827 1097 1850 mense
1121 1816 1238 1850 Martii

395 1868 551 1901 dominus
573 1869 746 1902 Iohannes
769 1869 814 1902 de
831 1869 1027 1912 Columpna
1050 1870 1239 1903 cardinalis

392 1921 558 1954 liberatur
571 1933 592 1955 a
606 1922 767 1961 uinculis,
790 1923 926 1966 legatus
941 1923 978 1956 in
993 1923 1239 1957 Constantino-

394 1975 499 2018 polim
521 1976 637 2009 reddit
648 1975 671 2008 ².

481 2027 585 2062 Oddo
608 2029 799 2071 imperator
814 2028 908 2072 apud
924 2029 1122 2062 Brunsuich
1137 2035 1237 2062 natu-

393 2082 457 2114 rali
468 2087 577 2114 morte
591 2082 798 2126 defungitur
806 2082 830 2121 ⁸,
844 2082 1014 2126 Pelagius'
1026 2082 1237 2116 Albanensis

394 2136 580 2178 episcopus
602 2137 647 2168 ad
671 2134 901 2168 Brundusium
932 2136 1136 2169 trasfretans
1160 2145 1239 2168 cum

393 2188 522 2220 Iacobo
560 2189 654 2221 dicto
685 2189 812 2222 comite
848 2199 1068 2222 romanorum
1083 2189 1095 2207 ⁴
1129 2200 1235 2223 cruce

481 2329 506 2355 5.
525 2323 649 2356 acceptis
665 2325 729 2348 Cod.
745 2339 776 2343 —
790 2323 844 2357 6-7.
859 2324 1032 2349 accendutur
1047 2325 1235 2354 Cod.;'accen-

394 2369 500 2393 duntur
519 2368 614 2394 GAUD.
632 2382 662 2388 —
679 2375 718 2400 14.
731 2370 868 2401 quantum
883 2368 978 2395 Gau».
993 2382 1005 2388 -
1018 2369 1125 2401 ceperit
1139 2368 1235 2393 GAun.

481 2529 491 2546 ¹
511 2536 544 2563 ²4
563 2529 638 2562 VIII,
662 2536 737 2562 1217.

480 2571 532 2596 Per
556 2572 699 2604 l’impresa
724 2573 754 2597 di
778 2573 867 2598 Terra
892 2574 975 2598 santa
1000 2580 1059 2598 uno
1085 2573 1128 2598 dei
1153 2574 1235 2606 punti
1256 2573 1285 2598 di

393 2615 597 2640 rifornimento
617 2613 646 2640 di
665 2616 766 2640 cereali
794 2616 825 2640 su
844 2616 872 2640 la
891 2615 1002 2647 Sicilia,
1023 2616 1057 2641 ad
1077 2623 1162 2648 opera
1176 2617 1287 2648 soprat-

394 2658 471 2681 tutto
490 2657 567 2689 degli
586 2656 764 2690 Ospedalierl
785 2657 815 2682 di
834 2658 968 2687 Messina,
988 2665 1067 2683 come
1086 2659 1289 2691 apprendiamo

394 2699 509 2732 dall'ep.
534 2700 562 2724 di
583 2699 695 2724 Onorio
714 2699 753 2725 111
780 2700 824 2725 del
851 2706 884 2733 ²3
903 2700 924 2729 Ι,
953 2699 1019 2725 1218
1039 2701 1116 2725 edita
1141 2701 1189 2726 dal
1214 2700 1288 2726 Plo·

394 2747 485 2773 Luem,
501 2743 544 2767 La
553 2743 717 2774 giovinezza
736 2743 767 2767 di
778 2743 907 2767 Federico
920 2743 958 2767 II
964 2743 995 2767 di
1007 2743 1120 2774 Svevia,
1132 2744 1190 2774 cit„
1204 2751 1231 2775 p.
1244 2749 1288 2775 4².

482 2782 494 2799 ²
512 2784 546 2809 R.
566 2791 623 2808 non
638 2792 705 2816 pare
717 2786 819 2810 esatto.
838 2784 951 2809 Onorio
965 2784 1014 2815 111,
1028 2786 1138 2815 insatti,
1155 2785 1184 2810 lo
1197 2785 1288 2814 notul,

396 2825 471 2849 nella
489 2833 539 2850 sua
559 2826 659 2851 lettera
678 2826 724 2851 del
744 2833 776 2859 25
796 2827 819 2858 1,
839 2826 916 2858 1218,
935 2826 1014 2859 (VIII
1032 2827 1096 2851 Kal.
1118 2828 1186 2852 febr.
1200 2834 1247 2852 an.
1261 2826 1288 2858 2)

396 2868 538 2900 rlngrazla
557 2867 689 2894 Teodoro
708 2868 866 2894 Commeno
880 2869 951 2894 duca
965 2869 1059 2894 d’aver
1078 2869 1199 2895 liberato
1213 2870 1288 2894 dalle

396 2910 523 2942 prigioni
543 2910 692 2935 Glovanni
712 2918 834 2936 vescovo
855 2913 885 2937 di
904 2911 1032 2936 Crotone
1051 2920 1066 2936 e
1084 2912 1223 2937 l’eremlta
1241 2912 1288 2937 Ef-

398 2951 475 2980 frem,
494 2952 557 2976 suoi
576 2953 683 2981 nunzli,
708 2960 723 2977 e
742 2953 855 2978 d’avere
877 2954 992 2979 accolto
1017 2954 1062 2978 coi
1082 2954 1183 2979 dovutl
1204 2955 1289 2979 onorl

397 2991 544 3018 Giovanni
559 2993 700 3024 Colonna,
713 2996 860 3020 cardinale
872 2998 951 3029 prete
964 2996 994 3020 di
1007 2996 1034 3021 S.
1047 2996 1191 3026 Prassede,
1210 3004 1290 3021 come

398 3042 448 3059 suo
467 3035 562 3067 legato
581 3036 755 3068 apostolic03
776 3037 932 3063 RAYNALm
954 3039 1023 3062 Anu.
1037 3040 1101 3063 eccl.
1113 3039 1173 3071 cit..
1195 3038 1290 3063 all’an.

1309 848 1347 880 10

1308 1115 1346 1147 15

1303 1383 1346 1415 20

1303 1651 1343 1683 25

1486 1811 1719 1846 MCCXVIII.
1765 1813 1844 1846 Hoc
1866 1824 1957 1847 anno
1983 1825 2103 1848 mense
2124 1815 2244 1850 Martii

1398 1865 1557 1898 dominus
1591 1866 1765 1899 Iohannes
1795 1867 1840 1900 de
1873 1868 2071 1911 Columpnu
2109 1866 2241 1903 dudum

1397 1924 1481 1961 aput
1502 1919 1714 1952 Durachium
1739 1926 1869 1963 captus,
1885 1922 1930 1954 ad
1953 1931 2078 1964 preces
2092 1932 2184 1967 pape
2201 1922 2243 1956 li-

1301 1974 1343 2006 30
1397 1971 1539 2006 beratur
1549 1983 1568 2004 a
1580 1973 1741 2012 uinculis,
1754 1980 1788 2007 et
1798 1973 1933 2018 legatus
1945 1975 2242 2019 Constantinopo-

1396 2026 1466 2069 lym
1490 2026 1599 2060 uadit.

1485 2080 1567 2113 Otto
1591 2079 1705 2114 dictus
1720 2081 1907 2124 imperator
1922 2081 2017 2125 apud
2033 2081 2240 2127 Brunsuych

1397 2133 1543 2166 naturali
1567 2139 1677 2166 morte
1700 2134 1912 2178 defungitur.

1484 2186 1646 2231 Pelagius
1668 2188 1877 2222 Albanensis
1891 2189 2082 2233 episcopus*
2096 2199 2117 2222 a
2131 2189 2241 2224 Brun-

1343 2530 1420 2562 1218,
1439 2530 1454 2563 ἐ
1473 2538 1518 2557 21-
1521 2538 1563 2564 23.
1584 2530 1728 2558 “Gratum
1747 2534 1871 2566 gerlmus
1890 2533 1953 2557 et..
1965 2550 1972 2558 .
1984 2551 1990 2558 .
2002 2550 2027 2566 ,.

1427 2572 1439 2589 ³
1457 2573 1566 2599 Ottone
1584 2574 1623 2600 1v
1641 2574 1660 2607 †
1681 2581 1712 2606 ¹9
1732 2573 1846 2604 v.1218
1865 2575 1901 2599 ad
1921 2575 2076 2607 Harzburg,
2095 2574 2176 2607 qussi
2196 2573 2238 2599 dl-

1342 2618 1498 2642 mentiente
1517 2617 1552 2641 da
1571 2617 1700 2648 tutt1,fu
1721 2617 1874 2651 seppelllto
1889 2616 1966 2642 nella
1979 2617 2074 2642 chiesa
2086 2617 2117 2642 dl
2130 2615 2159 2642 S.
2171 2616 2238 2642 8¹2-

1342 2659 1390 2691 gio
1410 2659 1438 2683 dl
1459 2658 1635 2685 Brunswlck.
1673 2659 1718 2686 Cf.
1732 2660 1872 2685 Narratio
1891 2660 1925 2684 de
1943 2662 2100 2685 testamento
2113 2662 2142 2684 et
2152 2661 2238 2684 morte

1345 2702 1450 2727 Ottonis
1471 2702 1518 2727 IV
1530 2703 1704 2733 imperatoris
1724 2704 1753 2727 in
1780 2701 1939 2732 ΜΑκτὲΝιι,
1967 2703 2043 2727 Thes.
2062 2703 2118 2734 eit„
2141 2700 2191 2730 111,
2210 2707 2237 2733 p.

1343 2749 1424 2777 ¹373;
1444 2743 1478 2768 K.
1496 2744 1615 2774 ΗΑΜΡΕ,
1644 2746 1775 2770 Deutscke
1794 2744 2093 2782 Kaisergeschicletetr'n
2112 2744 2163 2768 der
2175 2743 2238 2768 Zeis

1340 2788 1389 2812 der
1408 2786 1500 2812 Salier
1519 2789 1573 2812 und
1591 2788 1715 2821 Staufer.
1734 2796 1751 2821 4
1770 2787 1812 2813 ed.
1832 2787 1960 2820 Leipzig.
1983 2794 2061 2819 19¹9,
2079 2795 2108 2820 p.
2126 2793 2172 2820 91·

1430 2827 1442 2844 ⁴
1455 2829 1581 2862 Pelagio,
1596 2837 1718 2855 vescovo
1731 2830 1874 2855 cardinale
1885 2829 2036 2860 d’Albano,
2050 2830 2145 2861 legato
2157 2827 2237 2860 Apo·

1341 2871 1448 2895 stollco
1469 2873 1498 2896 in
1517 2871 1644 2904 Oriente,
1664 2879 1679 2897 e
1698 2871 1837 2896 Glacomo
1859 2873 1943 2897 conte
1962 2871 2114 2900 d'Andrin.
2134 2870 2237 2902 :upote

1340 2911 1530 2937 d'Innoeenzo
1549 2912 1597 2943 111,
1617 2914 1767 2946 parth-ono
1787 2913 1823 2938 ds
1836 2912 1964 2938 Brindisi
1982 2912 2042 2937 alla
2064 2913 2146 2937 volta
2158 2911 2236 2937 dena

1341 2954 1426 2979 Sitia.
1461 2954 1494 2979 In
1513 2957 1612 2987 questo
1632 2957 1724 2987 punto
1744 2955 1771 2979 la
1786 2957 1816 2980 2⁸
1837 2954 1988 2979 redazione
2007 2954 2083 2979 della
2104 2951 2235 2979 Cronacn

1341 2996 1478 3020 chlarlsce
1497 2995 1543 3021 cio
1563 2997 1612 3021 che
1632 2996 1707 3021 nella
1727 2996 1819 3029 prims
1844 2995 1859 3021 ὲ
1877 3003 1979 3020 moneo
2005 3003 2020 3020 e
2039 2995 2173 3020 confuso.
2209 2994 2233 3019 11

1346 3037 1377 3062 18
1395 3038 1430 3068 V,
1453 3037 1519 3063 1218
1539 3039 1560 3063 il
1581 3046 1653 3072 papa
1673 3038 1802 3063 scrlveva
1827 3037 1941 3063 d’svere
1959 3037 2096 3063 mandato
2114 3036 2233 3069 Pelagio
