<?xml version="1.0" encoding="UTF-8"?>
<!DOCTYPE html PUBLIC "-//W3C//DTD XHTML 1.0 Transitional//EN"
    "http://www.w3.org/TR/xhtml1/DTD/xhtml1-transitional.dtd">
<html xmlns="http://www.w3.org/1999/xhtml" xml:lang="en" lang="en">
 <head>
  <title>
</title>
<meta http-equiv="Content-Type" content="text/html;charset=utf-8" />
  <meta name='ocr-system' content='tesseract 3.04.00' />
  <meta name='ocr-capabilities' content='ocr_page ocr_carea ocr_par ocr_line ocrx_word'/>
</head>
<body>
  <div class='ocr_page' id='page_1' title='image "./rerumitalicarums72murauoft_0228.png"; bbox 0 0 2320 3444; ppageno 0'>
   <div class='ocr_carea' id='block_1_1' title="bbox 138 227 326 253">
    <p class='ocr_par' dir='ltr' id='par_1_1' title="bbox 138 227 326 253">
     <span class='ocr_line' id='line_1_1' title="bbox 138 227 326 253; baseline -0.005 -6"><span class='ocrx_word' id='word_1_1' title='bbox 138 227 217 253; x_wconf 65' lang='lat' dir='ltr'><strong>Mun„</strong></span> <span class='ocrx_word' id='word_1_2' title='bbox 233 232 254 247; x_wconf 88' lang='lat' dir='ltr'><strong>c.</strong></span> <span class='ocrx_word' id='word_1_3' title='bbox 273 227 326 247; x_wconf 74' lang='lat'>1006</span> 
     </span>
    </p>
   </div>
   <div class='ocr_carea' id='block_1_2' title="bbox 122 721 334 769">
    <p class='ocr_par' dir='ltr' id='par_1_2' title="bbox 122 721 334 769">
     <span class='ocr_line' id='line_1_2' title="bbox 122 721 334 746; baseline -0.014 -4"><span class='ocrx_word' id='word_1_4' title='bbox 122 721 254 746; x_wconf 73' lang='lat' dir='ltr'><strong>Raynaldus</strong></span> <span class='ocrx_word' id='word_1_5' title='bbox 271 721 334 740; x_wconf 59' lang='lat' dir='ltr'><strong>lilar-</strong></span> 
     </span>
     <span class='ocr_line' id='line_1_3' title="bbox 147 748 315 769; baseline -0.018 0"><span class='ocrx_word' id='word_1_6' title='bbox 147 748 221 769; x_wconf 70' lang='lat' dir='ltr'><strong>chiam</strong></span> <span class='ocrx_word' id='word_1_7' title='bbox 235 748 315 767; x_wconf 75' lang='lat' dir='ltr'><strong>intrat.</strong></span> 
     </span>
    </p>
   </div>
   <div class='ocr_carea' id='block_1_3' title="bbox 186 892 268 909">
    <p class='ocr_par' dir='ltr' id='par_1_3' title="bbox 186 892 268 909">
     <span class='ocr_line' id='line_1_4' title="bbox 186 892 268 909; baseline -0.012 -2"><span class='ocrx_word' id='word_1_8' title='bbox 186 893 207 909; x_wconf 74' lang='lat' dir='ltr'><strong>C.</strong></span> <span class='ocrx_word' id='word_1_9' title='bbox 222 892 268 907; x_wconf 68' lang='lat' dir='ltr'><strong>&#39;lr</strong></span> 
     </span>
    </p>
   </div>
   <div class='ocr_carea' id='block_1_4' title="bbox 122 940 335 960">
    <p class='ocr_par' dir='ltr' id='par_1_4' title="bbox 122 940 335 960">
     <span class='ocr_line' id='line_1_5' title="bbox 122 940 335 960; baseline 0 0"><span class='ocrx_word' id='word_1_10' title='bbox 122 940 254 960; x_wconf 74' lang='lat' dir='ltr'><strong>Destruceio</strong></span> <span class='ocrx_word' id='word_1_11' title='bbox 262 941 291 960; x_wconf 55' lang='grc' dir='ltr'><strong>Β,</strong></span> <span class='ocrx_word' id='word_1_12' title='bbox 297 946 335 960; x_wconf 85' lang='lat' dir='ltr'><strong>use</strong></span> 
     </span>
    </p>
   </div>
   <div class='ocr_carea' id='block_1_5' title="bbox 299 2256 331 2273">
    <p class='ocr_par' dir='ltr' id='par_1_5' title="bbox 299 2256 331 2273">
     <span class='ocr_line' id='line_1_6' title="bbox 299 2256 331 2273; baseline 0 0"><span class='ocrx_word' id='word_1_13' title='bbox 299 2256 331 2273; x_wconf 87' lang='lat'><strong>10</strong></span> 
     </span>
    </p>
   </div>
   <div class='ocr_carea' id='block_1_6' title="bbox 299 2464 328 2490">
    <p class='ocr_par' dir='ltr' id='par_1_6' title="bbox 299 2464 328 2490">
     <span class='ocr_line' id='line_1_7' title="bbox 299 2464 328 2490; baseline 0 0"><span class='ocrx_word' id='word_1_14' title='bbox 299 2464 328 2490; x_wconf 86' lang='lat'><strong>15</strong></span> 
     </span>
    </p>
   </div>
   <div class='ocr_carea' id='block_1_7' title="bbox 297 2676 331 2694">
    <p class='ocr_par' dir='ltr' id='par_1_7' title="bbox 297 2676 331 2694">
     <span class='ocr_line' id='line_1_8' title="bbox 297 2676 331 2694; baseline 0.029 -1"><span class='ocrx_word' id='word_1_15' title='bbox 297 2676 331 2694; x_wconf 81' lang='lat'><strong>20</strong></span> 
     </span>
    </p>
   </div>
   <div class='ocr_carea' id='block_1_8' title="bbox 298 2883 328 2909">
    <p class='ocr_par' dir='ltr' id='par_1_8' title="bbox 298 2883 328 2909">
     <span class='ocr_line' id='line_1_9' title="bbox 298 2883 328 2909; baseline 0 0"><span class='ocrx_word' id='word_1_16' title='bbox 298 2883 328 2909; x_wconf 85' lang='lat'><strong>25</strong></span> 
     </span>
    </p>
   </div>
   <div class='ocr_carea' id='block_1_9' title="bbox 369 209 2200 253">
    <p class='ocr_par' dir='ltr' id='par_1_9' title="bbox 369 209 2200 253">
     <span class='ocr_line' id='line_1_10' title="bbox 369 209 2200 253; baseline -0.004 -2"><span class='ocrx_word' id='word_1_17' title='bbox 369 215 439 251; x_wconf 88' lang='grc'><strong>152</strong></span> <span class='ocrx_word' id='word_1_18' title='bbox 824 211 1101 247; x_wconf 85' lang='lat' dir='ltr'><strong>RYCCARDI</strong></span> <span class='ocrx_word' id='word_1_19' title='bbox 1130 212 1199 247; x_wconf 95' lang='lat' dir='ltr'><strong>DE</strong></span> <span class='ocrx_word' id='word_1_20' title='bbox 1227 209 1441 246; x_wconf 90' lang='lat' dir='ltr'>SANCTO</span> <span class='ocrx_word' id='word_1_21' title='bbox 1471 209 1740 246; x_wconf 88' lang='lat' dir='ltr'>GERMANO</span> <span class='ocrx_word' id='word_1_22' title='bbox 2034 217 2200 253; x_wconf 77' lang='lat' dir='ltr'><strong>[A.12281</strong></span> 
     </span>
    </p>
   </div>
   <div class='ocr_carea' id='block_1_10' title="bbox 363 284 2198 296">
    <p class='ocr_par' dir='ltr' id='par_1_10' title="bbox 363 284 2198 296">
     <span class='ocr_line' id='line_1_11' title="bbox 363 284 2198 296; baseline -0.002 0"><span class='ocrx_word' id='word_1_23' title='bbox 363 293 411 296; x_wconf 52' lang='lat' dir='ltr'><em>-..n</em></span> <span class='ocrx_word' id='word_1_24' title='bbox 415 291 680 296; x_wconf 55' lang='lat'><strong>.-...‚.-..-.-..-----------..</strong></span> <span class='ocrx_word' id='word_1_25' title='bbox 684 290 708 293; x_wconf 89' lang='lat'><strong>---</strong></span> <span class='ocrx_word' id='word_1_26' title='bbox 712 290 718 293; x_wconf 90' lang='lat'><em>-</em></span> <span class='ocrx_word' id='word_1_27' title='bbox 722 290 727 293; x_wconf 87' lang='lat'>-</span> <span class='ocrx_word' id='word_1_28' title='bbox 731 284 1825 293; x_wconf 55' lang='lat' dir='ltr'><strong>---------—·-------›--·*‹----————----—---⁴··-------·------⁶·-—-------—----—-—--v—--·-—--n⁴—&lt;—---------------</strong></span> <span class='ocrx_word' id='word_1_29' title='bbox 1829 288 1950 292; x_wconf 76' lang='grc'><em>--..--------</em></span> <span class='ocrx_word' id='word_1_30' title='bbox 1951 289 2198 293; x_wconf 33' lang='grc'>.......................</span> 
     </span>
    </p>
   </div>
   <div class='ocr_carea' id='block_1_11' title="bbox 352 342 2202 1726">
    <p class='ocr_par' dir='ltr' id='par_1_11' title="bbox 360 342 2195 443">
     <span class='ocr_line' id='line_1_12' title="bbox 446 342 2195 388; baseline -0.002 -7"><span class='ocrx_word' id='word_1_31' title='bbox 446 348 579 380; x_wconf 84' lang='lat' dir='ltr'><strong>Eodem</strong></span> <span class='ocrx_word' id='word_1_32' title='bbox 603 357 720 379; x_wconf 88' lang='lat' dir='ltr'><strong>mense</strong></span> <span class='ocrx_word' id='word_1_33' title='bbox 745 345 821 377; x_wconf 92' lang='lat' dir='ltr'><strong>Iulii</strong></span> <span class='ocrx_word' id='word_1_34' title='bbox 845 355 941 376; x_wconf 88' lang='lat' dir='ltr'><strong>mons</strong></span> <span class='ocrx_word' id='word_1_35' title='bbox 964 343 1054 376; x_wconf 87' lang='lat' dir='ltr'><strong>Iscle</strong></span> <span class='ocrx_word' id='word_1_36' title='bbox 1078 344 1265 376; x_wconf 86' lang='lat' dir='ltr'><strong>subuersus</strong></span> <span class='ocrx_word' id='word_1_37' title='bbox 1288 349 1340 375; x_wconf 87' lang='lat' dir='ltr'><strong>est</strong></span> <span class='ocrx_word' id='word_1_38' title='bbox 1354 342 1377 382; x_wconf 75' lang='lat'><strong>¹,</strong></span> <span class='ocrx_word' id='word_1_39' title='bbox 1400 348 1435 375; x_wconf 93' lang='lat' dir='ltr'><strong>et</strong></span> <span class='ocrx_word' id='word_1_40' title='bbox 1457 342 1596 384; x_wconf 88' lang='lat' dir='ltr'><strong>operuit</strong></span> <span class='ocrx_word' id='word_1_41' title='bbox 1619 342 1654 374; x_wconf 88' lang='lat' dir='ltr'><strong>in</strong></span> <span class='ocrx_word' id='word_1_42' title='bbox 1678 343 1851 376; x_wconf 80' lang='lat' dir='ltr'>casalibus</span> <span class='ocrx_word' id='word_1_43' title='bbox 1874 343 1938 377; x_wconf 86' lang='lat' dir='ltr'><strong>sub</strong></span> <span class='ocrx_word' id='word_1_44' title='bbox 1961 354 2004 378; x_wconf 92' lang='lat' dir='ltr'><strong>eo</strong></span> <span class='ocrx_word' id='word_1_45' title='bbox 2027 346 2195 388; x_wconf 74' lang='lat' dir='ltr'>degentes</span> 
     </span>
     <span class='ocr_line' id='line_1_13' title="bbox 360 396 1362 443; baseline -0.005 -10"><span class='ocrx_word' id='word_1_46' title='bbox 360 402 434 433; x_wconf 79' lang='lat' dir='ltr'><strong>fere</strong></span> <span class='ocrx_word' id='word_1_47' title='bbox 457 401 695 443; x_wconf 82' lang='lat' dir='ltr'><strong>septingentos</strong></span> <span class='ocrx_word' id='word_1_48' title='bbox 718 398 878 430; x_wconf 90' lang='lat' dir='ltr'><strong>homines</strong></span> <span class='ocrx_word' id='word_1_49' title='bbox 900 397 991 429; x_wconf 87' lang='lat' dir='ltr'><strong>inter</strong></span> <span class='ocrx_word' id='word_1_50' title='bbox 1013 396 1108 428; x_wconf 89' lang='lat' dir='ltr'><strong>uiros</strong></span> <span class='ocrx_word' id='word_1_51' title='bbox 1131 403 1166 429; x_wconf 89' lang='lat' dir='ltr'><strong>et</strong></span> <span class='ocrx_word' id='word_1_52' title='bbox 1188 396 1362 429; x_wconf 87' lang='lat' dir='ltr'><strong>mulieres.</strong></span> 
     </span>
    </p>

    <p class='ocr_par' dir='ltr' id='par_1_12' title="bbox 354 448 2201 1082">
     <span class='ocr_line' id='line_1_14' title="bbox 446 448 2198 496; baseline -0.001 -10"><span class='ocrx_word' id='word_1_53' title='bbox 446 454 568 486; x_wconf 89' lang='lat' dir='ltr'><strong>Mense</strong></span> <span class='ocrx_word' id='word_1_54' title='bbox 593 451 738 495; x_wconf 82' lang='lat' dir='ltr'>Augusti</span> <span class='ocrx_word' id='word_1_55' title='bbox 763 450 894 482; x_wconf 84' lang='lat' dir='ltr'><strong>Marius</strong></span> <span class='ocrx_word' id='word_1_56' title='bbox 918 450 1102 492; x_wconf 83' lang='lat' dir='ltr'><strong>Rapistrus</strong></span> <span class='ocrx_word' id='word_1_57' title='bbox 1126 450 1231 483; x_wconf 79' lang='lat' dir='ltr'><strong>cessit</strong></span> <span class='ocrx_word' id='word_1_58' title='bbox 1253 449 1367 482; x_wconf 90' lang='lat' dir='ltr'><strong>officio</strong></span> <span class='ocrx_word' id='word_1_59' title='bbox 1396 449 1646 487; x_wconf 84' lang='lat' dir='ltr'><strong>iustitiariatus‚</strong></span> <span class='ocrx_word' id='word_1_60' title='bbox 1672 455 1708 482; x_wconf 90' lang='lat' dir='ltr'><strong>et</strong></span> <span class='ocrx_word' id='word_1_61' title='bbox 1738 448 1937 492; x_wconf 76' lang='lat' dir='ltr'><strong>Stephanus</strong></span> <span class='ocrx_word' id='word_1_62' title='bbox 1961 451 2006 484; x_wconf 88' lang='lat' dir='ltr'><strong>de</strong></span> <span class='ocrx_word' id='word_1_63' title='bbox 2037 451 2198 496; x_wconf 80' lang='lat' dir='ltr'><strong>Anglone</strong></span> 
     </span>
     <span class='ocr_line' id='line_1_15' title="bbox 358 502 2196 548; baseline -0.001 -9"><span class='ocrx_word' id='word_1_64' title='bbox 358 514 392 539; x_wconf 90' lang='lat' dir='ltr'><strong>et</strong></span> <span class='ocrx_word' id='word_1_65' title='bbox 415 506 609 539; x_wconf 82' lang='lat' dir='ltr'><strong>Pandulfus</strong></span> <span class='ocrx_word' id='word_1_66' title='bbox 632 505 676 537; x_wconf 91' lang='lat' dir='ltr'><strong>de</strong></span> <span class='ocrx_word' id='word_1_67' title='bbox 700 503 863 546; x_wconf 79' lang='lat' dir='ltr'><strong>Aquino·</strong></span> <span class='ocrx_word' id='word_1_68' title='bbox 887 503 1061 536; x_wconf 86' lang='lat' dir='ltr'><strong>substituti</strong></span> <span class='ocrx_word' id='word_1_69' title='bbox 1084 509 1163 535; x_wconf 87' lang='lat' dir='ltr'><strong>sunt</strong></span> <span class='ocrx_word' id='word_1_70' title='bbox 1185 503 1237 535; x_wconf 90' lang='lat' dir='ltr'><strong>illi</strong></span> <span class='ocrx_word' id='word_1_71' title='bbox 1261 503 1304 535; x_wconf 92' lang='lat' dir='ltr'><strong>de</strong></span> <span class='ocrx_word' id='word_1_72' title='bbox 1326 503 1488 535; x_wconf 83' lang='lat' dir='ltr'><strong>mandato</strong></span> <span class='ocrx_word' id='word_1_73' title='bbox 1512 502 1611 535; x_wconf 89' lang='lat' dir='ltr'><strong>ducis</strong></span> <span class='ocrx_word' id='word_1_74' title='bbox 1635 502 1784 545; x_wconf 84' lang='lat' dir='ltr'>Spoleti.</span> <span class='ocrx_word' id='word_1_75' title='bbox 1832 502 1903 542; x_wconf 88' lang='lat' dir='ltr'><strong>Qui</strong></span> <span class='ocrx_word' id='word_1_76' title='bbox 1927 504 1972 536; x_wconf 94' lang='lat' dir='ltr'><strong>de</strong></span> <span class='ocrx_word' id='word_1_77' title='bbox 1996 503 2126 548; x_wconf 86' lang='lat' dir='ltr'><strong>Apulia</strong></span> <span class='ocrx_word' id='word_1_78' title='bbox 2139 505 2196 538; x_wconf 91' lang='lat' dir='ltr'><strong>In-</strong></span> 
     </span>
     <span class='ocr_line' id='line_1_16' title="bbox 358 556 2197 600; baseline -0.001 -8"><span class='ocrx_word' id='word_1_79' title='bbox 358 561 538 593; x_wconf 88' lang='lat' dir='ltr'><strong>troducum</strong></span> <span class='ocrx_word' id='word_1_80' title='bbox 562 559 658 590; x_wconf 90' lang='lat' dir='ltr'><strong>uadit</strong></span> <span class='ocrx_word' id='word_1_81' title='bbox 670 557 693 596; x_wconf 82' lang='lat'><strong>³,</strong></span> <span class='ocrx_word' id='word_1_82' title='bbox 717 564 751 590; x_wconf 89' lang='lat' dir='ltr'><strong>et</strong></span> <span class='ocrx_word' id='word_1_83' title='bbox 774 567 892 590; x_wconf 86' lang='lat' dir='ltr'><strong>omnes</strong></span> <span class='ocrx_word' id='word_1_84' title='bbox 916 556 961 589; x_wconf 91' lang='lat' dir='ltr'><strong>de</strong></span> <span class='ocrx_word' id='word_1_85' title='bbox 985 557 1111 600; x_wconf 89' lang='lat' dir='ltr'><strong>Regno</strong></span> <span class='ocrx_word' id='word_1_86' title='bbox 1134 557 1286 589; x_wconf 80' lang='lat' dir='ltr'><strong>solicitat</strong></span> <span class='ocrx_word' id='word_1_87' title='bbox 1308 557 1518 594; x_wconf 77' lang='lat' dir='ltr'><strong>infeudatos,</strong></span> <span class='ocrx_word' id='word_1_88' title='bbox 1542 562 1580 588; x_wconf 86' lang='lat' dir='ltr'><strong>ut</strong></span> <span class='ocrx_word' id='word_1_89' title='bbox 1603 557 1647 588; x_wconf 90' lang='lat' dir='ltr'><strong>ad</strong></span> <span class='ocrx_word' id='word_1_90' title='bbox 1671 566 1750 588; x_wconf 87' lang='lat' dir='ltr'><strong>eum</strong></span> <span class='ocrx_word' id='word_1_91' title='bbox 1780 557 1910 590; x_wconf 75' lang='lat' dir='ltr'><strong>undant</strong></span> <span class='ocrx_word' id='word_1_92' title='bbox 1939 568 2018 590; x_wconf 89' lang='lat' dir='ltr'><strong>cum</strong></span> <span class='ocrx_word' id='word_1_93' title='bbox 2048 558 2197 592; x_wconf 80' lang='lat' dir='ltr'><strong>exfortio</strong></span> 
     </span>
     <span class='ocr_line' id='line_1_17' title="bbox 357 610 2197 655; baseline 0 -10"><span class='ocrx_word' id='word_1_94' title='bbox 357 625 417 646; x_wconf 86' lang='lat' dir='ltr'><strong>suo</strong></span> <span class='ocrx_word' id='word_1_95' title='bbox 441 614 486 645; x_wconf 89' lang='lat' dir='ltr'><strong>ad</strong></span> <span class='ocrx_word' id='word_1_96' title='bbox 509 612 725 645; x_wconf 89' lang='lat' dir='ltr'><strong>dominorum</strong></span> <span class='ocrx_word' id='word_1_97' title='bbox 749 610 877 653; x_wconf 87' lang='lat' dir='ltr'><strong>Popliti</strong></span> <span class='ocrx_word' id='word_1_98' title='bbox 901 610 1083 643; x_wconf 87' lang='lat' dir='ltr'><strong>rebellium</strong></span> <span class='ocrx_word' id='word_1_99' title='bbox 1106 610 1361 648; x_wconf 78' lang='lat' dir='ltr'><strong>confusionem,</strong></span> <span class='ocrx_word' id='word_1_100' title='bbox 1389 610 1449 653; x_wconf 90' lang='lat' dir='ltr'><strong>qui</strong></span> <span class='ocrx_word' id='word_1_101' title='bbox 1479 620 1516 642; x_wconf 92' lang='lat' dir='ltr'><strong>se</strong></span> <span class='ocrx_word' id='word_1_102' title='bbox 1541 615 1664 642; x_wconf 88' lang='lat' dir='ltr'><strong>contra</strong></span> <span class='ocrx_word' id='word_1_103' title='bbox 1695 610 1942 653; x_wconf 84' lang='lat' dir='ltr'><strong>Imperatorem</strong></span> <span class='ocrx_word' id='word_1_104' title='bbox 1972 612 2008 644; x_wconf 86' lang='lat' dir='ltr'><strong>in</strong></span> <span class='ocrx_word' id='word_1_105' title='bbox 2039 610 2197 655; x_wconf 80' lang='lat' dir='ltr'><strong>Capitin-</strong></span> 
     </span>
     <span class='ocr_line' id='line_1_18' title="bbox 358 663 2196 709; baseline 0.001 -11"><span class='ocrx_word' id='word_1_106' title='bbox 358 677 447 699; x_wconf 90' lang='lat' dir='ltr'><strong>nano</strong></span> <span class='ocrx_word' id='word_1_107' title='bbox 470 670 678 708; x_wconf 85' lang='lat' dir='ltr'><strong>receperant</strong></span> <span class='ocrx_word' id='word_1_108' title='bbox 690 667 712 697; x_wconf 84' lang='lat'><strong>⁴.</strong></span> <span class='ocrx_word' id='word_1_109' title='bbox 759 665 897 696; x_wconf 83' lang='lat' dir='ltr'><strong>Interea</strong></span> <span class='ocrx_word' id='word_1_110' title='bbox 919 663 1109 706; x_wconf 88' lang='lat' dir='ltr'><strong>imperialis</strong></span> <span class='ocrx_word' id='word_1_111' title='bbox 1125 664 1298 697; x_wconf 87' lang='lat' dir='ltr'><strong>exercitus</strong></span> <span class='ocrx_word' id='word_1_112' title='bbox 1314 664 1408 707; x_wconf 84' lang='lat' dir='ltr'><strong>capit</strong></span> <span class='ocrx_word' id='word_1_113' title='bbox 1424 671 1553 696; x_wconf 91' lang='lat' dir='ltr'><strong>turrem</strong></span> <span class='ocrx_word' id='word_1_114' title='bbox 1569 663 1614 695; x_wconf 93' lang='lat' dir='ltr'><strong>de</strong></span> <span class='ocrx_word' id='word_1_115' title='bbox 1631 663 1796 702; x_wconf 85' lang='lat' dir='ltr'><strong>Renaria,</strong></span> <span class='ocrx_word' id='word_1_116' title='bbox 1813 670 1848 696; x_wconf 90' lang='lat' dir='ltr'><strong>et</strong></span> <span class='ocrx_word' id='word_1_117' title='bbox 1863 670 1993 697; x_wconf 86' lang='lat' dir='ltr'><strong>terram</strong></span> <span class='ocrx_word' id='word_1_118' title='bbox 2009 665 2196 709; x_wconf 76' lang='lat' dir='ltr'><strong>quamdam</strong></span> 
     </span>
     <span class='ocr_line' id='line_1_19' title="bbox 357 717 2198 762; baseline 0 -10"><span class='ocrx_word' id='word_1_119' title='bbox 357 721 400 752; x_wconf 90' lang='lat' dir='ltr'><strong>de</strong></span> <span class='ocrx_word' id='word_1_120' title='bbox 424 730 516 752; x_wconf 91' lang='lat' dir='ltr'><strong>nouo</strong></span> <span class='ocrx_word' id='word_1_121' title='bbox 539 725 662 752; x_wconf 86' lang='lat' dir='ltr'><strong>contra</strong></span> <span class='ocrx_word' id='word_1_122' title='bbox 685 719 933 760; x_wconf 89' lang='lat' dir='ltr'><strong>Imperatorem</strong></span> <span class='ocrx_word' id='word_1_123' title='bbox 957 718 1136 756; x_wconf 89' lang='lat' dir='ltr'><strong>firmatam,</strong></span> <span class='ocrx_word' id='word_1_124' title='bbox 1160 729 1262 761; x_wconf 88' lang='lat' dir='ltr'><strong>quam</strong></span> <span class='ocrx_word' id='word_1_125' title='bbox 1286 723 1394 750; x_wconf 87' lang='lat' dir='ltr'><strong>totam</strong></span> <span class='ocrx_word' id='word_1_126' title='bbox 1418 718 1669 750; x_wconf 81' lang='lat' dir='ltr'><strong>destruxerunt.</strong></span> <span class='ocrx_word' id='word_1_127' title='bbox 1716 717 1921 761; x_wconf 84' lang='lat' dir='ltr'><strong>Raynaldus</strong></span> <span class='ocrx_word' id='word_1_128' title='bbox 1944 719 2015 751; x_wconf 89' lang='lat' dir='ltr'><strong>dux</strong></span> <span class='ocrx_word' id='word_1_129' title='bbox 2039 718 2198 762; x_wconf 70' lang='lat' dir='ltr'><strong>Spoleti*</strong></span> 
     </span>
     <span class='ocr_line' id='line_1_20' title="bbox 355 769 2200 815; baseline -0.001 -9"><span class='ocrx_word' id='word_1_130' title='bbox 355 785 433 806; x_wconf 91' lang='lat' dir='ltr'><strong>curn</strong></span> <span class='ocrx_word' id='word_1_131' title='bbox 450 772 619 815; x_wconf 88' lang='lat' dir='ltr'><strong>imperiali</strong></span> <span class='ocrx_word' id='word_1_132' title='bbox 643 778 746 815; x_wconf 89' lang='lat' dir='ltr'><strong>gente</strong></span> <span class='ocrx_word' id='word_1_133' title='bbox 771 771 929 804; x_wconf 90' lang='lat' dir='ltr'><strong>dominos</strong></span> <span class='ocrx_word' id='word_1_134' title='bbox 952 769 1085 813; x_wconf 90' lang='lat' dir='ltr'><strong>Popliti</strong></span> <span class='ocrx_word' id='word_1_135' title='bbox 1108 771 1145 803; x_wconf 92' lang='lat' dir='ltr'><strong>in</strong></span> <span class='ocrx_word' id='word_1_136' title='bbox 1162 771 1398 813; x_wconf 88' lang='lat' dir='ltr'><strong>Capitinnano</strong></span> <span class='ocrx_word' id='word_1_137' title='bbox 1422 770 1576 808; x_wconf 90' lang='lat' dir='ltr'><strong>obsidet;</strong></span> <span class='ocrx_word' id='word_1_138' title='bbox 1595 771 1652 813; x_wconf 93' lang='lat' dir='ltr'><strong>qui</strong></span> <span class='ocrx_word' id='word_1_139' title='bbox 1670 782 1749 803; x_wconf 92' lang='lat' dir='ltr'><strong>cum</strong></span> <span class='ocrx_word' id='word_1_140' title='bbox 1773 782 1810 804; x_wconf 86' lang='lat' dir='ltr'><strong>se</strong></span> <span class='ocrx_word' id='word_1_141' title='bbox 1827 781 1896 804; x_wconf 92' lang='lat' dir='ltr'><strong>non</strong></span> <span class='ocrx_word' id='word_1_142' title='bbox 1912 777 2033 804; x_wconf 87' lang='lat' dir='ltr'><strong>tenere</strong></span> <span class='ocrx_word' id='word_1_143' title='bbox 2049 779 2200 815; x_wconf 81' lang='lat' dir='ltr'><strong>possent,</strong></span> 
     </span>
     <span class='ocr_line' id='line_1_21' title="bbox 354 824 2200 868; baseline 0.001 -9"><span class='ocrx_word' id='word_1_144' title='bbox 354 832 503 868; x_wconf 85' lang='lat' dir='ltr'><strong>accepta</strong></span> <span class='ocrx_word' id='word_1_145' title='bbox 526 825 569 858; x_wconf 90' lang='lat' dir='ltr'><strong>ab</strong></span> <span class='ocrx_word' id='word_1_146' title='bbox 594 836 636 858; x_wconf 89' lang='lat' dir='ltr'><strong>eo</strong></span> <span class='ocrx_word' id='word_1_147' title='bbox 660 825 845 858; x_wconf 86' lang='lat' dir='ltr'><strong>securitate</strong></span> <span class='ocrx_word' id='word_1_148' title='bbox 870 824 914 856; x_wconf 91' lang='lat' dir='ltr'><strong>de</strong></span> <span class='ocrx_word' id='word_1_149' title='bbox 938 824 1097 866; x_wconf 89' lang='lat' dir='ltr'><strong>personis</strong></span> <span class='ocrx_word' id='word_1_150' title='bbox 1121 830 1155 856; x_wconf 92' lang='lat' dir='ltr'><strong>et</strong></span> <span class='ocrx_word' id='word_1_151' title='bbox 1177 824 1280 857; x_wconf 88' lang='lat' dir='ltr'><strong>rebus</strong></span> <span class='ocrx_word' id='word_1_152' title='bbox 1304 824 1383 865; x_wconf 90' lang='lat' dir='ltr'><strong>suis,</strong></span> <span class='ocrx_word' id='word_1_153' title='bbox 1407 835 1445 856; x_wconf 90' lang='lat' dir='ltr'><strong>se</strong></span> <span class='ocrx_word' id='word_1_154' title='bbox 1469 824 1561 867; x_wconf 85' lang='lat' dir='ltr'><strong>apud</strong></span> <span class='ocrx_word' id='word_1_155' title='bbox 1585 824 1699 857; x_wconf 85' lang='lat' dir='ltr'><strong>Reate</strong></span> <span class='ocrx_word' id='word_1_156' title='bbox 1723 825 1957 858; x_wconf 86' lang='lat' dir='ltr'><strong>contulerunt.</strong></span> <span class='ocrx_word' id='word_1_157' title='bbox 2002 825 2106 859; x_wconf 89' lang='lat' dir='ltr'><strong>Tunc</strong></span> <span class='ocrx_word' id='word_1_158' title='bbox 2127 825 2200 860; x_wconf 88' lang='lat' dir='ltr'><strong>dux</strong></span> 
     </span>
     <span class='ocr_line' id='line_1_22' title="bbox 354 876 2201 923; baseline 0 -11"><span class='ocrx_word' id='word_1_159' title='bbox 354 881 428 923; x_wconf 89' lang='lat' dir='ltr'><strong>ipse</strong></span> <span class='ocrx_word' id='word_1_160' title='bbox 452 879 648 912; x_wconf 91' lang='lat' dir='ltr'><strong>Marchiam</strong></span> <span class='ocrx_word' id='word_1_161' title='bbox 671 876 804 916; x_wconf 84' lang='lat' dir='ltr'><strong>intrat,&#39;</strong></span> <span class='ocrx_word' id='word_1_162' title='bbox 828 887 869 910; x_wconf 90' lang='lat' dir='ltr'><strong>ac</strong></span> <span class='ocrx_word' id='word_1_163' title='bbox 893 876 1104 910; x_wconf 92' lang='lat' dir='ltr'><strong>Bertholdus</strong></span> <span class='ocrx_word' id='word_1_164' title='bbox 1125 877 1237 910; x_wconf 77' lang='lat' dir='ltr'><strong>frater</strong></span> <span class='ocrx_word' id='word_1_165' title='bbox 1260 878 1334 910; x_wconf 91' lang='lat' dir='ltr'><strong>eius</strong></span> <span class='ocrx_word' id='word_1_166' title='bbox 1365 878 1461 910; x_wconf 86' lang='lat' dir='ltr'><strong>circa</strong></span> <span class='ocrx_word' id='word_1_167' title='bbox 1492 877 1618 910; x_wconf 91' lang='lat' dir='ltr'><strong>Nursie</strong></span> <span class='ocrx_word' id='word_1_168' title='bbox 1649 877 1867 920; x_wconf 89' lang='lat' dir='ltr'><strong>prouinciam</strong></span> <span class='ocrx_word' id='word_1_169' title='bbox 1891 883 2048 912; x_wconf 81' lang='lat' dir='ltr'><strong>remanet</strong></span> <span class='ocrx_word' id='word_1_170' title='bbox 2058 878 2082 912; x_wconf 74' lang='lat'><strong>‘.</strong></span> <span class='ocrx_word' id='word_1_171' title='bbox 2127 879 2201 919; x_wconf 84' lang='lat' dir='ltr'><strong>Qui</strong></span> 
     </span>
     <span class='ocr_line' id='line_1_23' title="bbox 359 930 2201 975; baseline 0.001 -9"><span class='ocrx_word' id='word_1_172' title='bbox 359 939 506 966; x_wconf 85' lang='lat' dir='ltr'><strong>castrum</strong></span> <span class='ocrx_word' id='word_1_173' title='bbox 532 932 719 975; x_wconf 90' lang='lat' dir='ltr'><strong>quoddam,</strong></span> <span class='ocrx_word' id='word_1_174' title='bbox 742 931 837 974; x_wconf 91' lang='lat' dir='ltr'><strong>quod</strong></span> <span class='ocrx_word' id='word_1_175' title='bbox 862 930 972 963; x_wconf 86' lang='lat' dir='ltr'><strong>Brusa</strong></span> <span class='ocrx_word' id='word_1_176' title='bbox 996 931 1134 969; x_wconf 88' lang='lat' dir='ltr'><strong>dicitur,</strong></span> <span class='ocrx_word' id='word_1_177' title='bbox 1158 931 1222 964; x_wconf 89' lang='lat' dir='ltr'><strong>sibi</strong></span> <span class='ocrx_word' id='word_1_178' title='bbox 1246 930 1377 964; x_wconf 89' lang='lat' dir='ltr'><strong>rebelle</strong></span> <span class='ocrx_word' id='word_1_179' title='bbox 1402 931 1584 969; x_wconf 85' lang='lat' dir='ltr'><strong>destruxit,</strong></span> <span class='ocrx_word' id='word_1_180' title='bbox 1609 931 1752 974; x_wconf 90' lang='lat' dir='ltr'><strong>eiusque</strong></span> <span class='ocrx_word' id='word_1_181' title='bbox 1775 931 1911 964; x_wconf 84' lang='lat' dir='ltr'><strong>incolas</strong></span> <span class='ocrx_word' id='word_1_182' title='bbox 1933 931 2036 974; x_wconf 89' lang='lat' dir='ltr'><strong>penis</strong></span> <span class='ocrx_word' id='word_1_183' title='bbox 2065 931 2201 966; x_wconf 75' lang='lat' dir='ltr'><strong>addixit</strong></span> 
     </span>
     <span class='ocr_line' id='line_1_24' title="bbox 356 983 2200 1029; baseline 0 -10"><span class='ocrx_word' id='word_1_184' title='bbox 356 986 460 1019; x_wconf 88' lang='lat' dir='ltr'><strong>uariis</strong></span> <span class='ocrx_word' id='word_1_185' title='bbox 483 992 517 1018; x_wconf 87' lang='lat' dir='ltr'><strong>et</strong></span> <span class='ocrx_word' id='word_1_186' title='bbox 540 984 740 1022; x_wconf 80' lang='lat' dir='ltr'><strong>tormentis3</strong></span> <span class='ocrx_word' id='word_1_187' title='bbox 765 990 800 1016; x_wconf 93' lang='lat' dir='ltr'><strong>et</strong></span> <span class='ocrx_word' id='word_1_188' title='bbox 823 983 1100 1016; x_wconf 87' lang='lat' dir='ltr'><strong>Sarracenorum</strong></span> <span class='ocrx_word' id='word_1_189' title='bbox 1123 985 1270 1017; x_wconf 86' lang='lat' dir='ltr'><strong>traditos</strong></span> <span class='ocrx_word' id='word_1_190' title='bbox 1292 985 1468 1027; x_wconf 85' lang='lat' dir='ltr'><strong>potestati,</strong></span> <span class='ocrx_word' id='word_1_191' title='bbox 1492 994 1579 1026; x_wconf 90' lang='lat' dir='ltr'><strong>quos</strong></span> <span class='ocrx_word' id='word_1_192' title='bbox 1602 994 1720 1016; x_wconf 90' lang='lat' dir='ltr'><strong>secum</strong></span> <span class='ocrx_word' id='word_1_193' title='bbox 1744 984 1789 1016; x_wconf 91' lang='lat' dir='ltr'><strong>de</strong></span> <span class='ocrx_word' id='word_1_194' title='bbox 1813 983 1942 1027; x_wconf 84' lang='lat' dir='ltr'><strong>Apulia</strong></span> <span class='ocrx_word' id='word_1_195' title='bbox 1974 984 2134 1029; x_wconf 82' lang='lat' dir='ltr'><strong>duxerat,</strong></span> <span class='ocrx_word' id='word_1_196' title='bbox 2163 986 2200 1019; x_wconf 92' lang='lat' dir='ltr'><strong>in</strong></span> 
     </span>
     <span class='ocr_line' id='line_1_25' title="bbox 355 1036 1025 1082; baseline -0.004 -10"><span class='ocrx_word' id='word_1_197' title='bbox 355 1040 451 1082; x_wconf 88' lang='lat' dir='ltr'><strong>ipsis,</strong></span> <span class='ocrx_word' id='word_1_198' title='bbox 475 1038 688 1072; x_wconf 89' lang='lat' dir='ltr'><strong>cruciatibus</strong></span> <span class='ocrx_word' id='word_1_199' title='bbox 710 1037 847 1071; x_wconf 83' lang='lat' dir='ltr'><strong>exalare</strong></span> <span class='ocrx_word' id='word_1_200' title='bbox 873 1036 990 1081; x_wconf 87' lang='lat' dir='ltr'><strong>coegit</strong></span> <span class='ocrx_word' id='word_1_201' title='bbox 1002 1039 1025 1070; x_wconf 88' lang='lat'><strong>⁷.</strong></span> 
     </span>
    </p>

    <p class='ocr_par' dir='ltr' id='par_1_13' title="bbox 352 1090 2202 1726">
     <span class='ocr_line' id='line_1_26' title="bbox 446 1090 2199 1136; baseline 0 -11"><span class='ocrx_word' id='word_1_202' title='bbox 446 1092 636 1136; x_wconf 85' lang='lat' dir='ltr'><strong>Gregorius</strong></span> <span class='ocrx_word' id='word_1_203' title='bbox 660 1102 752 1134; x_wconf 90' lang='lat' dir='ltr'><strong>papa</strong></span> <span class='ocrx_word' id='word_1_204' title='bbox 774 1091 810 1123; x_wconf 92' lang='lat' dir='ltr'><strong>in</strong></span> <span class='ocrx_word' id='word_1_205' title='bbox 835 1091 960 1123; x_wconf 90' lang='lat' dir='ltr'><strong>ducem</strong></span> <span class='ocrx_word' id='word_1_206' title='bbox 981 1090 1104 1133; x_wconf 90' lang='lat' dir='ltr'><strong>ipsum,</strong></span> <span class='ocrx_word' id='word_1_207' title='bbox 1128 1101 1193 1133; x_wconf 90' lang='lat' dir='ltr'><strong>pro</strong></span> <span class='ocrx_word' id='word_1_208' title='bbox 1208 1101 1251 1124; x_wconf 87' lang='lat' dir='ltr'><strong>eo</strong></span> <span class='ocrx_word' id='word_1_209' title='bbox 1267 1091 1363 1135; x_wconf 91' lang='lat' dir='ltr'><strong>quod</strong></span> <span class='ocrx_word' id='word_1_210' title='bbox 1379 1091 1574 1124; x_wconf 87' lang='lat' dir='ltr'><strong>Marchiam</strong></span> <span class='ocrx_word' id='word_1_211' title='bbox 1591 1091 1782 1124; x_wconf 86' lang='lat' dir='ltr'><strong>intrauerat</strong></span> <span class='ocrx_word' id='word_1_212' title='bbox 1798 1097 1833 1125; x_wconf 92' lang='lat' dir='ltr'><strong>et</strong></span> <span class='ocrx_word' id='word_1_213' title='bbox 1849 1092 2057 1125; x_wconf 89' lang='lat' dir='ltr'><strong>ammonitus</strong></span> <span class='ocrx_word' id='word_1_214' title='bbox 2073 1092 2199 1135; x_wconf 82' lang='lat' dir='ltr'><strong>sepius,</strong></span> 
     </span>
     <span class='ocr_line' id='line_1_27' title="bbox 358 1144 2199 1189; baseline 0 -10"><span class='ocrx_word' id='word_1_215' title='bbox 358 1152 396 1179; x_wconf 92' lang='lat' dir='ltr'><strong>ut</strong></span> <span class='ocrx_word' id='word_1_216' title='bbox 418 1147 529 1189; x_wconf 85' lang='lat' dir='ltr'><strong>ipsam</strong></span> <span class='ocrx_word' id='word_1_217' title='bbox 553 1146 673 1178; x_wconf 88' lang='lat' dir='ltr'><strong>exiens</strong></span> <span class='ocrx_word' id='word_1_218' title='bbox 697 1145 731 1177; x_wconf 92' lang='lat' dir='ltr'><strong>in</strong></span> <span class='ocrx_word' id='word_1_219' title='bbox 754 1155 844 1187; x_wconf 90' lang='lat' dir='ltr'><strong>pace</strong></span> <span class='ocrx_word' id='word_1_220' title='bbox 868 1144 1059 1178; x_wconf 87' lang='lat' dir='ltr'><strong>dimitteret</strong></span> <span class='ocrx_word' id='word_1_221' title='bbox 1082 1150 1118 1177; x_wconf 91' lang='lat' dir='ltr'><strong>et</strong></span> <span class='ocrx_word' id='word_1_222' title='bbox 1140 1145 1208 1177; x_wconf 92' lang='lat' dir='ltr'><strong>hoc</strong></span> <span class='ocrx_word' id='word_1_223' title='bbox 1230 1145 1307 1187; x_wconf 90' lang='lat' dir='ltr'><strong>ipse</strong></span> <span class='ocrx_word' id='word_1_224' title='bbox 1331 1145 1401 1177; x_wconf 86' lang='lat' dir='ltr'><strong>dux</strong></span> <span class='ocrx_word' id='word_1_225' title='bbox 1423 1145 1544 1177; x_wconf 80' lang='lat' dir='ltr'><strong>facere</strong></span> <span class='ocrx_word' id='word_1_226' title='bbox 1567 1145 1690 1184; x_wconf 84' lang='lat' dir='ltr'><strong>noluit,</strong></span> <span class='ocrx_word' id='word_1_227' title='bbox 1721 1145 2090 1179; x_wconf 88' lang='lat' dir='ltr'><strong>excommunicationis</strong></span> <span class='ocrx_word' id='word_1_228' title='bbox 2120 1157 2199 1180; x_wconf 86' lang='lat' dir='ltr'><strong>sen·</strong></span> 
     </span>
     <span class='ocr_line' id='line_1_28' title="bbox 354 1197 2201 1242; baseline 0.001 -10"><span class='ocrx_word' id='word_1_229' title='bbox 354 1200 497 1232; x_wconf 86' lang='lat' dir='ltr'><strong>tentiam</strong></span> <span class='ocrx_word' id='word_1_230' title='bbox 521 1198 762 1242; x_wconf 87' lang='lat' dir='ltr'><strong>promulgauit,</strong></span> <span class='ocrx_word' id='word_1_231' title='bbox 786 1197 939 1230; x_wconf 88' lang='lat' dir='ltr'><strong>eiusdem</strong></span> <span class='ocrx_word' id='word_1_232' title='bbox 964 1198 1332 1231; x_wconf 85' lang='lat' dir='ltr'><strong>excommunicationis</strong></span> <span class='ocrx_word' id='word_1_233' title='bbox 1356 1197 1531 1230; x_wconf 87' lang='lat' dir='ltr'><strong>innodans</strong></span> <span class='ocrx_word' id='word_1_234' title='bbox 1553 1198 1694 1231; x_wconf 88' lang='lat' dir='ltr'><strong>uinculo</strong></span> <span class='ocrx_word' id='word_1_235' title='bbox 1725 1209 1845 1231; x_wconf 89' lang='lat' dir='ltr'><strong>omnes</strong></span> <span class='ocrx_word' id='word_1_236' title='bbox 1875 1209 2043 1242; x_wconf 86' lang='lat' dir='ltr'><strong>sequaces</strong></span> <span class='ocrx_word' id='word_1_237' title='bbox 2072 1199 2165 1234; x_wconf 83' lang='lat' dir='ltr'><strong>illius</strong></span> <span class='ocrx_word' id='word_1_238' title='bbox 2175 1198 2201 1234; x_wconf 75' lang='lat'><strong>⁸·</strong></span> 
     </span>
     <span class='ocr_line' id='line_1_29' title="bbox 356 1251 2200 1296; baseline 0.001 -10"><span class='ocrx_word' id='word_1_239' title='bbox 356 1253 512 1296; x_wconf 89' lang='lat' dir='ltr'><strong>Cumque</strong></span> <span class='ocrx_word' id='word_1_240' title='bbox 536 1262 601 1285; x_wconf 92' lang='lat' dir='ltr'><strong>nec</strong></span> <span class='ocrx_word' id='word_1_241' title='bbox 626 1252 674 1285; x_wconf 88' lang='lat' dir='ltr'><strong>sic</strong></span> <span class='ocrx_word' id='word_1_242' title='bbox 698 1261 866 1284; x_wconf 88' lang='lat' dir='ltr'><strong>reuocare</strong></span> <span class='ocrx_word' id='word_1_243' title='bbox 891 1257 1007 1294; x_wconf 87' lang='lat' dir='ltr'><strong>posset</strong></span> <span class='ocrx_word' id='word_1_244' title='bbox 1029 1252 1190 1290; x_wconf 87' lang='lat' dir='ltr'><strong>eundem,</strong></span> <span class='ocrx_word' id='word_1_245' title='bbox 1214 1252 1284 1284; x_wconf 91' lang='lat' dir='ltr'><strong>uim</strong></span> <span class='ocrx_word' id='word_1_246' title='bbox 1307 1251 1342 1283; x_wconf 90' lang='lat' dir='ltr'><strong>ui</strong></span> <span class='ocrx_word' id='word_1_247' title='bbox 1366 1251 1538 1293; x_wconf 90' lang='lat' dir='ltr'><strong>repellere</strong></span> <span class='ocrx_word' id='word_1_248' title='bbox 1562 1251 1693 1284; x_wconf 85' lang='lat' dir='ltr'><strong>licitum</strong></span> <span class='ocrx_word' id='word_1_249' title='bbox 1716 1258 1853 1294; x_wconf 85' lang='lat' dir='ltr'><strong>putans,</strong></span> <span class='ocrx_word' id='word_1_250' title='bbox 1877 1252 1923 1285; x_wconf 84' lang='lat' dir='ltr'><strong>ad</strong></span> <span class='ocrx_word' id='word_1_251' title='bbox 1953 1252 2114 1286; x_wconf 86' lang='lat' dir='ltr'><strong>Marchie</strong></span> <span class='ocrx_word' id='word_1_252' title='bbox 2139 1254 2200 1287; x_wconf 88' lang='lat' dir='ltr'><strong>de-</strong></span> 
     </span>
     <span class='ocr_line' id='line_1_30' title="bbox 357 1304 2201 1350; baseline 0.001 -11"><span class='ocrx_word' id='word_1_253' title='bbox 357 1307 562 1344; x_wconf 76' lang='lat' dir='ltr'><strong>sensionem,</strong></span> <span class='ocrx_word' id='word_1_254' title='bbox 586 1316 653 1349; x_wconf 91' lang='lat' dir='ltr'><strong>que</strong></span> <span class='ocrx_word' id='word_1_255' title='bbox 678 1305 828 1338; x_wconf 82' lang='lat' dir='ltr'><strong>ecclesie</strong></span> <span class='ocrx_word' id='word_1_256' title='bbox 851 1305 1003 1344; x_wconf 85' lang='lat' dir='ltr'><strong>suberat,</strong></span> <span class='ocrx_word' id='word_1_257' title='bbox 1026 1304 1194 1338; x_wconf 86' lang='lat' dir='ltr'><strong>materiali</strong></span> <span class='ocrx_word' id='word_1_258' title='bbox 1216 1305 1334 1349; x_wconf 89' lang='lat' dir='ltr'><strong>gladio</strong></span> <span class='ocrx_word' id='word_1_259' title='bbox 1358 1304 1453 1337; x_wconf 88' lang='lat' dir='ltr'><strong>nisus</strong></span> <span class='ocrx_word' id='word_1_260' title='bbox 1476 1311 1527 1337; x_wconf 87' lang='lat' dir='ltr'><strong>est</strong></span> <span class='ocrx_word' id='word_1_261' title='bbox 1550 1311 1671 1338; x_wconf 83' lang='lat' dir='ltr'><strong>contra</strong></span> <span class='ocrx_word' id='word_1_262' title='bbox 1694 1305 1820 1348; x_wconf 86' lang='lat' dir='ltr'><strong>ipsum,</strong></span> <span class='ocrx_word' id='word_1_263' title='bbox 1843 1305 1902 1348; x_wconf 89' lang='lat' dir='ltr'><strong>qui</strong></span> <span class='ocrx_word' id='word_1_264' title='bbox 1925 1306 1992 1338; x_wconf 90' lang='lat' dir='ltr'><strong>iam</strong></span> <span class='ocrx_word' id='word_1_265' title='bbox 2014 1317 2080 1349; x_wconf 89' lang='lat' dir='ltr'><strong>pro</strong></span> <span class='ocrx_word' id='word_1_266' title='bbox 2102 1313 2201 1350; x_wconf 80' lang='lat' dir='ltr'><strong>parte</strong></span> 
     </span>
     <span class='ocr_line' id='line_1_31' title="bbox 352 1358 2199 1401; baseline 0.001 -9"><span class='ocrx_word' id='word_1_267' title='bbox 352 1360 547 1393; x_wconf 85' lang='lat' dir='ltr'><strong>Marchiam</strong></span> <span class='ocrx_word' id='word_1_268' title='bbox 570 1360 616 1392; x_wconf 92' lang='lat' dir='ltr'><strong>ad</strong></span> <span class='ocrx_word' id='word_1_269' title='bbox 640 1369 726 1401; x_wconf 87' lang='lat' dir='ltr'><strong>opus</strong></span> <span class='ocrx_word' id='word_1_270' title='bbox 749 1358 891 1401; x_wconf 87' lang='lat' dir='ltr'><strong>Imperii</strong></span> <span class='ocrx_word' id='word_1_271' title='bbox 914 1364 1058 1401; x_wconf 88' lang='lat' dir='ltr'><strong>ceperat</strong></span> <span class='ocrx_word' id='word_1_272' title='bbox 1080 1369 1272 1401; x_wconf 85' lang='lat' dir='ltr'><strong>occupare;</strong></span> <span class='ocrx_word' id='word_1_273' title='bbox 1298 1364 1332 1390; x_wconf 86' lang='lat' dir='ltr'><strong>et</strong></span> <span class='ocrx_word' id='word_1_274' title='bbox 1355 1363 1438 1391; x_wconf 87' lang='lat' dir='ltr'><strong>tunc</strong></span> <span class='ocrx_word' id='word_1_275' title='bbox 1454 1358 1644 1391; x_wconf 89' lang='lat' dir='ltr'><strong>Iohannem</strong></span> <span class='ocrx_word' id='word_1_276' title='bbox 1668 1359 1843 1401; x_wconf 83' lang='lat' dir='ltr'><strong>quondam</strong></span> <span class='ocrx_word' id='word_1_277' title='bbox 1867 1359 2199 1394; x_wconf 80' lang='lat' dir='ltr'><strong>Iherosolimitanum</strong></span> 
     </span>
     <span class='ocr_line' id='line_1_32' title="bbox 358 1410 2202 1458; baseline 0.001 -13"><span class='ocrx_word' id='word_1_278' title='bbox 358 1423 491 1456; x_wconf 87' lang='lat' dir='ltr'><strong>regem;</strong></span> <span class='ocrx_word' id='word_1_279' title='bbox 508 1419 543 1445; x_wconf 91' lang='lat' dir='ltr'><strong>et</strong></span> <span class='ocrx_word' id='word_1_280' title='bbox 559 1413 749 1445; x_wconf 86' lang='lat' dir='ltr'><strong>Iohannem</strong></span> <span class='ocrx_word' id='word_1_281' title='bbox 766 1411 809 1444; x_wconf 92' lang='lat' dir='ltr'><strong>de</strong></span> <span class='ocrx_word' id='word_1_282' title='bbox 826 1410 1022 1454; x_wconf 87' lang='lat' dir='ltr'><strong>Columpna</strong></span> <span class='ocrx_word' id='word_1_283' title='bbox 1038 1412 1262 1452; x_wconf 84' lang='lat' dir='ltr'><strong>cardinalem,</strong></span> <span class='ocrx_word' id='word_1_284' title='bbox 1278 1423 1357 1445; x_wconf 89' lang='lat' dir='ltr'><strong>cum</strong></span> <span class='ocrx_word' id='word_1_285' title='bbox 1374 1412 1516 1454; x_wconf 89' lang='lat' dir='ltr'><strong>copioso</strong></span> <span class='ocrx_word' id='word_1_286' title='bbox 1532 1412 1672 1444; x_wconf 88' lang='lat' dir='ltr'><strong>militari</strong></span> <span class='ocrx_word' id='word_1_287' title='bbox 1689 1418 1724 1444; x_wconf 89' lang='lat' dir='ltr'><strong>et</strong></span> <span class='ocrx_word' id='word_1_288' title='bbox 1738 1412 1892 1454; x_wconf 87' lang='lat' dir='ltr'><strong>pedestri</strong></span> <span class='ocrx_word' id='word_1_289' title='bbox 1909 1413 2067 1447; x_wconf 83' lang='lat' dir='ltr'><strong>exercitu</strong></span> <span class='ocrx_word' id='word_1_290' title='bbox 2083 1413 2202 1458; x_wconf 84' lang='lat' dir='ltr'><strong>dirigit</strong></span> 
     </span>
     <span class='ocr_line' id='line_1_33' title="bbox 356 1464 2201 1510; baseline 0.001 -11"><span class='ocrx_word' id='word_1_291' title='bbox 356 1472 478 1500; x_wconf 85' lang='lat' dir='ltr'><strong>contra</strong></span> <span class='ocrx_word' id='word_1_292' title='bbox 502 1477 579 1498; x_wconf 91' lang='lat' dir='ltr'><strong>eum</strong></span> <span class='ocrx_word' id='word_1_293' title='bbox 591 1464 614 1498; x_wconf 80' lang='lat'><strong>⁹.</strong></span> <span class='ocrx_word' id='word_1_294' title='bbox 660 1465 707 1498; x_wconf 93' lang='lat' dir='ltr'><strong>At</strong></span> <span class='ocrx_word' id='word_1_295' title='bbox 730 1476 809 1498; x_wconf 90' lang='lat' dir='ltr'><strong>cum</strong></span> <span class='ocrx_word' id='word_1_296' title='bbox 832 1474 898 1498; x_wconf 89' lang='lat' dir='ltr'><strong>nec</strong></span> <span class='ocrx_word' id='word_1_297' title='bbox 922 1465 971 1498; x_wconf 94' lang='lat' dir='ltr'><strong>sic</strong></span> <span class='ocrx_word' id='word_1_298' title='bbox 996 1466 1069 1499; x_wconf 87' lang='lat' dir='ltr'><strong>dux</strong></span> <span class='ocrx_word' id='word_1_299' title='bbox 1084 1465 1158 1508; x_wconf 87' lang='lat' dir='ltr'><strong>ipse</strong></span> <span class='ocrx_word' id='word_1_300' title='bbox 1174 1465 1358 1498; x_wconf 83' lang='lat' dir='ltr'><strong>desisteret</strong></span> <span class='ocrx_word' id='word_1_301' title='bbox 1373 1465 1418 1498; x_wconf 88' lang='lat' dir='ltr'><strong>ab</strong></span> <span class='ocrx_word' id='word_1_302' title='bbox 1434 1465 1593 1508; x_wconf 85' lang='lat' dir='ltr'><strong>inceptis,</strong></span> <span class='ocrx_word' id='word_1_303' title='bbox 1610 1465 1796 1498; x_wconf 85' lang='lat' dir='ltr'><strong>arbitratus</strong></span> <span class='ocrx_word' id='word_1_304' title='bbox 1812 1472 1864 1499; x_wconf 91' lang='lat' dir='ltr'><strong>est</strong></span> <span class='ocrx_word' id='word_1_305' title='bbox 1878 1466 1954 1509; x_wconf 91' lang='lat' dir='ltr'><strong>ipse</strong></span> <span class='ocrx_word' id='word_1_306' title='bbox 1970 1477 2062 1510; x_wconf 83' lang='lat' dir='ltr'><strong>papa</strong></span> <span class='ocrx_word' id='word_1_307' title='bbox 2077 1473 2201 1501; x_wconf 84' lang='lat' dir='ltr'><strong>contra</strong></span> 
     </span>
     <span class='ocr_line' id='line_1_34' title="bbox 354 1518 2201 1564; baseline 0.001 -11"><span class='ocrx_word' id='word_1_308' title='bbox 354 1520 472 1564; x_wconf 89' lang='lat' dir='ltr'><strong>Regni</strong></span> <span class='ocrx_word' id='word_1_309' title='bbox 496 1520 584 1552; x_wconf 87' lang='lat' dir='ltr'><strong>filios</strong></span> <span class='ocrx_word' id='word_1_310' title='bbox 608 1519 702 1552; x_wconf 86' lang='lat' dir='ltr'><strong>acies</strong></span> <span class='ocrx_word' id='word_1_311' title='bbox 724 1518 877 1563; x_wconf 89' lang='lat' dir='ltr'><strong>dirigere</strong></span> <span class='ocrx_word' id='word_1_312' title='bbox 902 1518 1119 1557; x_wconf 84' lang='lat' dir='ltr'><strong>bellatorum,</strong></span> <span class='ocrx_word' id='word_1_313' title='bbox 1142 1525 1180 1552; x_wconf 92' lang='lat' dir='ltr'><strong>ut</strong></span> <span class='ocrx_word' id='word_1_314' title='bbox 1202 1519 1318 1562; x_wconf 90' lang='lat' dir='ltr'><strong>Regni</strong></span> <span class='ocrx_word' id='word_1_315' title='bbox 1340 1524 1432 1551; x_wconf 87' lang='lat' dir='ltr'><strong>statu</strong></span> <span class='ocrx_word' id='word_1_316' title='bbox 1455 1524 1491 1551; x_wconf 90' lang='lat' dir='ltr'><strong>et</strong></span> <span class='ocrx_word' id='word_1_317' title='bbox 1513 1519 1610 1561; x_wconf 81' lang='lat' dir='ltr'><strong>pacis</strong></span> <span class='ocrx_word' id='word_1_318' title='bbox 1633 1519 1751 1561; x_wconf 92' lang='lat' dir='ltr'><strong>quiete</strong></span> <span class='ocrx_word' id='word_1_319' title='bbox 1766 1518 1914 1558; x_wconf 85' lang='lat' dir='ltr'><strong>turbata,</strong></span> <span class='ocrx_word' id='word_1_320' title='bbox 1930 1520 2023 1563; x_wconf 91' lang='lat' dir='ltr'><strong>quod</strong></span> <span class='ocrx_word' id='word_1_321' title='bbox 2041 1520 2112 1554; x_wconf 85' lang='lat' dir='ltr'><strong>dux</strong></span> <span class='ocrx_word' id='word_1_322' title='bbox 2126 1520 2201 1564; x_wconf 87' lang='lat' dir='ltr'><strong>ipse</strong></span> 
     </span>
     <span class='ocr_line' id='line_1_35' title="bbox 357 1572 2200 1617; baseline 0.001 -12"><span class='ocrx_word' id='word_1_323' title='bbox 357 1573 569 1606; x_wconf 86' lang='lat' dir='ltr'><strong>uoluntarius</strong></span> <span class='ocrx_word' id='word_1_324' title='bbox 591 1573 714 1612; x_wconf 89' lang='lat' dir='ltr'><strong>noluit,</strong></span> <span class='ocrx_word' id='word_1_325' title='bbox 738 1572 790 1605; x_wconf 90' lang='lat' dir='ltr'><strong>sic</strong></span> <span class='ocrx_word' id='word_1_326' title='bbox 813 1572 933 1605; x_wconf 78' lang='lat' dir='ltr'><strong>facere</strong></span> <span class='ocrx_word' id='word_1_327' title='bbox 957 1579 1143 1616; x_wconf 88' lang='lat' dir='ltr'><strong>cogeretur</strong></span> <span class='ocrx_word' id='word_1_328' title='bbox 1165 1572 1304 1611; x_wconf 86' lang='lat' dir='ltr'><strong>inuitus,</strong></span> <span class='ocrx_word' id='word_1_329' title='bbox 1328 1578 1364 1604; x_wconf 87' lang='lat' dir='ltr'><strong>et</strong></span> <span class='ocrx_word' id='word_1_330' title='bbox 1386 1572 1582 1605; x_wconf 87' lang='lat' dir='ltr'><strong>Marchiam</strong></span> <span class='ocrx_word' id='word_1_331' title='bbox 1607 1573 1810 1611; x_wconf 89' lang='lat' dir='ltr'><strong>dimitteret,</strong></span> <span class='ocrx_word' id='word_1_332' title='bbox 1835 1583 1936 1617; x_wconf 88' lang='lat' dir='ltr'><strong>quam</strong></span> <span class='ocrx_word' id='word_1_333' title='bbox 1951 1584 2058 1616; x_wconf 91' lang='lat' dir='ltr'><strong>usque</strong></span> <span class='ocrx_word' id='word_1_334' title='bbox 2081 1573 2200 1607; x_wconf 88' lang='lat' dir='ltr'><strong>Mace-</strong></span> 
     </span>
     <span class='ocr_line' id='line_1_36' title="bbox 357 1625 2202 1671; baseline 0.001 -12"><span class='ocrx_word' id='word_1_335' title='bbox 357 1633 467 1659; x_wconf 89' lang='lat' dir='ltr'><strong>ratam</strong></span> <span class='ocrx_word' id='word_1_336' title='bbox 491 1626 628 1661; x_wconf 88' lang='lat' dir='ltr'><strong>Cesaris</strong></span> <span class='ocrx_word' id='word_1_337' title='bbox 650 1626 799 1668; x_wconf 87' lang='lat' dir='ltr'><strong>imperio</strong></span> <span class='ocrx_word' id='word_1_338' title='bbox 823 1626 1033 1671; x_wconf 86' lang='lat' dir='ltr'><strong>subiugarat.</strong></span> <span class='ocrx_word' id='word_1_339' title='bbox 1081 1626 1170 1659; x_wconf 89' lang='lat' dir='ltr'><strong>Nam</strong></span> <span class='ocrx_word' id='word_1_340' title='bbox 1201 1625 1354 1659; x_wconf 87' lang='lat' dir='ltr'><strong>collectis</strong></span> <span class='ocrx_word' id='word_1_341' title='bbox 1386 1625 1542 1669; x_wconf 89' lang='lat' dir='ltr'><strong>undique</strong></span> <span class='ocrx_word' id='word_1_342' title='bbox 1573 1626 1764 1669; x_wconf 88' lang='lat' dir='ltr'><strong>Campanie</strong></span> <span class='ocrx_word' id='word_1_343' title='bbox 1795 1637 1836 1659; x_wconf 86' lang='lat' dir='ltr'><strong>ac</strong></span> <span class='ocrx_word' id='word_1_344' title='bbox 1859 1627 2031 1660; x_wconf 89' lang='lat' dir='ltr'><strong>maritime</strong></span> <span class='ocrx_word' id='word_1_345' title='bbox 2059 1627 2202 1667; x_wconf 83' lang='lat' dir='ltr'><strong>uiribus,</strong></span> 
     </span>
     <span class='ocr_line' id='line_1_37' title="bbox 357 1679 2201 1726; baseline 0.001 -13"><span class='ocrx_word' id='word_1_346' title='bbox 357 1681 582 1725; x_wconf 82' lang='lat' dir='ltr'><strong>congregauit</strong></span> <span class='ocrx_word' id='word_1_347' title='bbox 605 1680 806 1718; x_wconf 90' lang='lat' dir='ltr'><strong>exercitum,</strong></span> <span class='ocrx_word' id='word_1_348' title='bbox 829 1679 886 1713; x_wconf 90' lang='lat' dir='ltr'><strong>cui</strong></span> <span class='ocrx_word' id='word_1_349' title='bbox 910 1680 1094 1723; x_wconf 86' lang='lat' dir='ltr'><strong>quemdam</strong></span> <span class='ocrx_word' id='word_1_350' title='bbox 1117 1679 1328 1713; x_wconf 76' lang='lat' dir='ltr'><strong>Pandulfum</strong></span> <span class='ocrx_word' id='word_1_351' title='bbox 1354 1680 1399 1712; x_wconf 92' lang='lat' dir='ltr'><strong>de</strong></span> <span class='ocrx_word' id='word_1_352' title='bbox 1421 1679 1584 1723; x_wconf 89' lang='lat' dir='ltr'><strong>Anagnia</strong></span> <span class='ocrx_word' id='word_1_353' title='bbox 1607 1679 1825 1723; x_wconf 86' lang='lat' dir='ltr'><strong>capellanum</strong></span> <span class='ocrx_word' id='word_1_354' title='bbox 1850 1691 1948 1713; x_wconf 90' lang='lat' dir='ltr'><strong>suum</strong></span> <span class='ocrx_word' id='word_1_355' title='bbox 1961 1680 1995 1720; x_wconf 80' lang='lat'><strong>¹⁰,</strong></span> <span class='ocrx_word' id='word_1_356' title='bbox 2017 1681 2078 1724; x_wconf 90' lang='lat' dir='ltr'><strong>qui</strong></span> <span class='ocrx_word' id='word_1_357' title='bbox 2107 1681 2201 1726; x_wconf 84' lang='lat' dir='ltr'><strong>lega-</strong></span> 
     </span>
    </p>
   </div>
   <div class='ocr_carea' id='block_1_12' title="bbox 361 1806 2200 1883">
    <p class='ocr_par' dir='ltr' id='par_1_14' title="bbox 361 1806 2200 1883">
     <span class='ocr_line' id='line_1_38' title="bbox 448 1806 2200 1841; baseline 0.002 -9"><span class='ocrx_word' id='word_1_358' title='bbox 448 1814 471 1832; x_wconf 85' lang='lat' dir='ltr'><strong>r.</strong></span> <span class='ocrx_word' id='word_1_359' title='bbox 490 1807 566 1832; x_wconf 90' lang='lat' dir='ltr'><strong>Iulio</strong></span> <span class='ocrx_word' id='word_1_360' title='bbox 585 1807 661 1832; x_wconf 70' lang='lat' dir='ltr'><strong>Uou.</strong></span> <span class='ocrx_word' id='word_1_361' title='bbox 682 1820 714 1825; x_wconf 89' lang='lat'><strong>—</strong></span> <span class='ocrx_word' id='word_1_362' title='bbox 735 1806 789 1839; x_wconf 88' lang='lat'><strong>6-7.</strong></span> <span class='ocrx_word' id='word_1_363' title='bbox 810 1807 1002 1841; x_wconf 73' lang='lat' dir='ltr'><strong>CapitInIano</strong></span> <span class='ocrx_word' id='word_1_364' title='bbox 1022 1806 1099 1832; x_wconf 75' lang='lat' dir='ltr'><strong>Uen.</strong></span> <span class='ocrx_word' id='word_1_365' title='bbox 1121 1820 1150 1824; x_wconf 91' lang='lat'>—</span> <span class='ocrx_word' id='word_1_366' title='bbox 1169 1813 1195 1838; x_wconf 86' lang='lat'><strong>9.</strong></span> <span class='ocrx_word' id='word_1_367' title='bbox 1215 1814 1272 1831; x_wconf 89' lang='lat' dir='ltr'><strong>non</strong></span> <span class='ocrx_word' id='word_1_368' title='bbox 1292 1808 1410 1840; x_wconf 80' lang='lat' dir='ltr'><strong>possent</strong></span> <span class='ocrx_word' id='word_1_369' title='bbox 1429 1808 1524 1831; x_wconf 87' lang='lat' dir='ltr'><strong>tenere</strong></span> <span class='ocrx_word' id='word_1_370' title='bbox 1543 1807 1620 1832; x_wconf 76' lang='lat' dir='ltr'><strong>Uon.</strong></span> <span class='ocrx_word' id='word_1_371' title='bbox 1641 1820 1671 1825; x_wconf 92' lang='lat'>-</span> <span class='ocrx_word' id='word_1_372' title='bbox 1695 1812 1734 1839; x_wconf 82' lang='lat'><strong>15.</strong></span> <span class='ocrx_word' id='word_1_373' title='bbox 1754 1814 1786 1832; x_wconf 83' lang='lat' dir='ltr'><strong>ac</strong></span> <span class='ocrx_word' id='word_1_374' title='bbox 1806 1807 1972 1832; x_wconf 79' lang='lat' dir='ltr'><strong>admonitus</strong></span> <span class='ocrx_word' id='word_1_375' title='bbox 1996 1807 2073 1834; x_wconf 67' lang='lat' dir='ltr'><strong>Uen.</strong></span> <span class='ocrx_word' id='word_1_376' title='bbox 2098 1821 2131 1827; x_wconf 90' lang='lat'>—</span> <span class='ocrx_word' id='word_1_377' title='bbox 2157 1814 2200 1841; x_wconf 83' lang='lat'><strong>²3·</strong></span> 
     </span>
     <span class='ocr_line' id='line_1_39' title="bbox 361 1849 619 1883; baseline -0.004 -8"><span class='ocrx_word' id='word_1_378' title='bbox 361 1850 523 1883; x_wconf 85' lang='lat' dir='ltr'><strong>regnicolas</strong></span> <span class='ocrx_word' id='word_1_379' title='bbox 541 1849 619 1875; x_wconf 72' lang='lat' dir='ltr'><strong>Uou.</strong></span> 
     </span>
    </p>
   </div>
   <div class='ocr_carea' id='block_1_13' title="bbox 356 1948 1254 2066">
    <p class='ocr_par' dir='ltr' id='par_1_15' title="bbox 356 1948 1254 2066">
     <span class='ocr_line' id='line_1_40' title="bbox 356 1948 1254 1982; baseline 0.001 -10"><span class='ocrx_word' id='word_1_380' title='bbox 356 1949 369 1962; x_wconf 84' lang='lat'><strong>⁴¹</strong></span> <span class='ocrx_word' id='word_1_381' title='bbox 381 1948 458 1979; x_wconf 88' lang='lat' dir='ltr'><strong>dum,</strong></span> <span class='ocrx_word' id='word_1_382' title='bbox 476 1956 508 1974; x_wconf 82' lang='lat' dir='ltr'><strong>ae</strong></span> <span class='ocrx_word' id='word_1_383' title='bbox 528 1949 593 1982; x_wconf 81' lang='lat' dir='ltr'><strong>post</strong></span> <span class='ocrx_word' id='word_1_384' title='bbox 612 1948 738 1973; x_wconf 77' lang='lat' dir='ltr'><strong>triduum</strong></span> <span class='ocrx_word' id='word_1_385' title='bbox 763 1948 911 1973; x_wconf 73' lang='lat' dir='ltr'><strong>Petusium</strong></span> <span class='ocrx_word' id='word_1_386' title='bbox 936 1949 980 1973; x_wconf 80' lang='lat' dir='ltr'><strong>est</strong></span> <span class='ocrx_word' id='word_1_387' title='bbox 1006 1955 1134 1973; x_wconf 81' lang='lat' dir='ltr'><strong>reversus</strong></span> <span class='ocrx_word' id='word_1_388' title='bbox 1146 1967 1159 1981; x_wconf 59' lang='grc' dir='ltr'><em>η</em></span> <span class='ocrx_word' id='word_1_389' title='bbox 1194 1948 1254 1973; x_wconf 80' lang='lat' dir='ltr'><strong>Vita</strong></span> 
     </span>
     <span class='ocr_line' id='line_1_41' title="bbox 363 1990 1253 2024; baseline 0 -9"><span class='ocrx_word' id='word_1_390' title='bbox 363 1991 493 2024; x_wconf 73' lang='lat' dir='ltr'><strong>Gregorii</strong></span> <span class='ocrx_word' id='word_1_391' title='bbox 512 1992 563 2016; x_wconf 90' lang='lat' dir='ltr'><strong>IX</strong></span> <span class='ocrx_word' id='word_1_392' title='bbox 570 1994 670 2022; x_wconf 76' lang='lat' dir='ltr'><strong>papae.</strong></span> <span class='ocrx_word' id='word_1_393' title='bbox 690 1991 735 2015; x_wconf 89' lang='lat' dir='ltr'><strong>del</strong></span> <span class='ocrx_word' id='word_1_394' title='bbox 755 1990 883 2015; x_wconf 82' lang='lat' dir='ltr'><strong>cardinal</strong></span> <span class='ocrx_word' id='word_1_395' title='bbox 897 1991 1001 2016; x_wconf 77' lang='lat' dir='ltr'><strong>NIcola</strong></span> <span class='ocrx_word' id='word_1_396' title='bbox 1013 1990 1141 2016; x_wconf 83' lang='lat' dir='ltr'><strong>Rosselli</strong></span> <span class='ocrx_word' id='word_1_397' title='bbox 1154 1990 1253 2016; x_wconf 86' lang='lat' dir='ltr'><strong>d’Ara-</strong></span> 
     </span>
     <span class='ocr_line' id='line_1_42' title="bbox 356 2032 1254 2066; baseline 0.001 -9"><span class='ocrx_word' id='word_1_398' title='bbox 356 2040 444 2066; x_wconf 77' lang='lat' dir='ltr'><strong>gona,</strong></span> <span class='ocrx_word' id='word_1_399' title='bbox 463 2034 494 2058; x_wconf 84' lang='lat' dir='ltr'><strong>in</strong></span> <span class='ocrx_word' id='word_1_400' title='bbox 514 2034 686 2063; x_wconf 58' lang='lat' dir='ltr'><strong>Mun-roan</strong></span> <span class='ocrx_word' id='word_1_401' title='bbox 707 2033 769 2058; x_wconf 80' lang='lat' dir='ltr'><strong>RR.</strong></span> <span class='ocrx_word' id='word_1_402' title='bbox 789 2034 830 2058; x_wconf 88' lang='lat' dir='ltr'><strong>II.</strong></span> <span class='ocrx_word' id='word_1_403' title='bbox 848 2033 910 2063; x_wconf 85' lang='lat' dir='ltr'><strong>SS.,</strong></span> <span class='ocrx_word' id='word_1_404' title='bbox 929 2032 978 2063; x_wconf 90' lang='grc' dir='ltr'>ΙΙΙ,</span> <span class='ocrx_word' id='word_1_405' title='bbox 997 2039 1018 2063; x_wconf 85' lang='lat'><strong>1,</strong></span> <span class='ocrx_word' id='word_1_406' title='bbox 1037 2040 1065 2066; x_wconf 93' lang='lat' dir='ltr'><strong>p.</strong></span> <span class='ocrx_word' id='word_1_407' title='bbox 1079 2039 1139 2065; x_wconf 82' lang='grc'>577.</span> <span class='ocrx_word' id='word_1_408' title='bbox 1171 2032 1254 2058; x_wconf 81' lang='lat' dir='ltr'><strong>L’an-</strong></span> 
     </span>
    </p>
   </div>
   <div class='ocr_carea' id='block_1_14' title="bbox 1307 1947 2204 2067">
    <p class='ocr_par' dir='ltr' id='par_1_16' title="bbox 1307 1947 2204 2067">
     <span class='ocr_line' id='line_1_43' title="bbox 1308 1947 1796 1982; baseline 0 -9"><span class='ocrx_word' id='word_1_409' title='bbox 1308 1948 1500 1980; x_wconf 63' lang='lat' dir='ltr'><strong>Rauennae,</strong></span> <span class='ocrx_word' id='word_1_410' title='bbox 1520 1947 1542 1977; x_wconf 89' lang='lat'><strong>1,</strong></span> <span class='ocrx_word' id='word_1_411' title='bbox 1562 1955 1589 1972; x_wconf 91' lang='lat' dir='ltr'><strong>n.</strong></span> <span class='ocrx_word' id='word_1_412' title='bbox 1609 1954 1669 1980; x_wconf 84' lang='lat'><strong>373,</strong></span> <span class='ocrx_word' id='word_1_413' title='bbox 1689 1956 1716 1982; x_wconf 90' lang='lat' dir='ltr'><strong>p.</strong></span> <span class='ocrx_word' id='word_1_414' title='bbox 1736 1954 1796 1981; x_wconf 86' lang='lat'>²9⁰·</span> 
     </span>
     <span class='ocr_line' id='line_1_44' title="bbox 1395 1988 2202 2023; baseline 0.002 -9"><span class='ocrx_word' id='word_1_415' title='bbox 1395 1988 1406 2006; x_wconf 90' lang='lat'>⁷</span> <span class='ocrx_word' id='word_1_416' title='bbox 1425 1990 1449 2014; x_wconf 90' lang='lat'><strong>11</strong></span> <span class='ocrx_word' id='word_1_417' title='bbox 1470 1996 1483 2023; x_wconf 92' lang='lat'><strong>7</strong></span> <span class='ocrx_word' id='word_1_418' title='bbox 1505 1989 1551 2022; x_wconf 85' lang='lat' dir='ltr'><strong>X1,</strong></span> <span class='ocrx_word' id='word_1_419' title='bbox 1576 1989 1651 2019; x_wconf 83' lang='lat'>1228.</span> <span class='ocrx_word' id='word_1_420' title='bbox 1672 1991 1702 2015; x_wconf 88' lang='lat' dir='ltr'><strong>lo</strong></span> <span class='ocrx_word' id='word_1_421' title='bbox 1722 1992 1813 2015; x_wconf 85' lang='lat' dir='ltr'><strong>stesso</strong></span> <span class='ocrx_word' id='word_1_422' title='bbox 1831 1997 1916 2023; x_wconf 79' lang='lat' dir='ltr'><strong>papa,</strong></span> <span class='ocrx_word' id='word_1_423' title='bbox 1935 1991 1982 2015; x_wconf 89' lang='lat' dir='ltr'><strong>nel</strong></span> <span class='ocrx_word' id='word_1_424' title='bbox 2001 1990 2135 2016; x_wconf 74' lang='lat' dir='ltr'><strong>mandare</strong></span> <span class='ocrx_word' id='word_1_425' title='bbox 2148 1989 2202 2016; x_wconf 85' lang='lat' dir='ltr'><strong>Te-</strong></span> 
     </span>
     <span class='ocr_line' id='line_1_45' title="bbox 1307 2031 2204 2067; baseline 0.001 -10"><span class='ocrx_word' id='word_1_426' title='bbox 1307 2032 1393 2057; x_wconf 86' lang='lat' dir='ltr'><strong>baldo</strong></span> <span class='ocrx_word' id='word_1_427' title='bbox 1413 2039 1462 2064; x_wconf 90' lang='lat' dir='ltr'><strong>per</strong></span> <span class='ocrx_word' id='word_1_428' title='bbox 1481 2033 1629 2065; x_wconf 85' lang='lat' dir='ltr'><strong>infliggere</strong></span> <span class='ocrx_word' id='word_1_429' title='bbox 1648 2033 1676 2057; x_wconf 87' lang='lat' dir='ltr'><strong>la</strong></span> <span class='ocrx_word' id='word_1_430' title='bbox 1695 2034 1862 2058; x_wconf 80' lang='lat' dir='ltr'><strong>scomunica</strong></span> <span class='ocrx_word' id='word_1_431' title='bbox 1880 2033 1908 2058; x_wconf 86' lang='lat' dir='ltr'><strong>al</strong></span> <span class='ocrx_word' id='word_1_432' title='bbox 1929 2033 2000 2058; x_wconf 80' lang='lat' dir='ltr'><strong>duca</strong></span> <span class='ocrx_word' id='word_1_433' title='bbox 2019 2033 2048 2058; x_wconf 88' lang='lat' dir='ltr'><strong>di</strong></span> <span class='ocrx_word' id='word_1_434' title='bbox 2073 2031 2204 2067; x_wconf 82' lang='lat' dir='ltr'><strong>Spoleto,</strong></span> 
     </span>
    </p>
   </div>
   <div class='ocr_carea' id='block_1_15' title="bbox 356 2074 1254 3040">
    <p class='ocr_par' dir='ltr' id='par_1_17' title="bbox 357 2074 1254 2150">
     <span class='ocr_line' id='line_1_46' title="bbox 359 2074 1254 2100; baseline 0 0"><span class='ocrx_word' id='word_1_435' title='bbox 359 2076 518 2100; x_wconf 84' lang='lat' dir='ltr'><strong>niversario</strong></span> <span class='ocrx_word' id='word_1_436' title='bbox 547 2075 623 2100; x_wconf 78' lang='lat' dir='ltr'><strong>deun</strong></span> <span class='ocrx_word' id='word_1_437' title='bbox 648 2077 740 2100; x_wconf 79' lang='lat' dir='ltr'><strong>morte</strong></span> <span class='ocrx_word' id='word_1_438' title='bbox 765 2075 956 2100; x_wconf 83' lang='lat' dir='ltr'><strong>d’Innocenzo</strong></span> <span class='ocrx_word' id='word_1_439' title='bbox 978 2075 1019 2100; x_wconf 92' lang='lat'><strong>111</strong></span> <span class='ocrx_word' id='word_1_440' title='bbox 1040 2076 1147 2100; x_wconf 78' lang='lat' dir='ltr'><strong>ricorse</strong></span> <span class='ocrx_word' id='word_1_441' title='bbox 1172 2075 1195 2100; x_wconf 84' lang='lat' dir='ltr'><strong>ii</strong></span> <span class='ocrx_word' id='word_1_442' title='bbox 1222 2074 1254 2100; x_wconf 82' lang='lat'><strong>16</strong></span> 
     </span>
     <span class='ocr_line' id='line_1_47' title="bbox 357 2118 460 2150; baseline 0 -8"><span class='ocrx_word' id='word_1_443' title='bbox 357 2118 460 2150; x_wconf 82' lang='lat' dir='ltr'><strong>luglio.</strong></span> 
     </span>
    </p>

    <p class='ocr_par' dir='ltr' id='par_1_18' title="bbox 357 2159 1254 2278">
     <span class='ocr_line' id='line_1_48' title="bbox 447 2159 1254 2194; baseline 0.001 -10"><span class='ocrx_word' id='word_1_444' title='bbox 447 2159 455 2175; x_wconf 90' lang='lat'><strong>¹</strong></span> <span class='ocrx_word' id='word_1_445' title='bbox 483 2161 591 2185; x_wconf 83' lang='lat' dir='ltr'><strong>L’isola</strong></span> <span class='ocrx_word' id='word_1_446' title='bbox 616 2160 738 2185; x_wconf 81' lang='lat' dir='ltr'><strong>d’Ischia</strong></span> <span class='ocrx_word' id='word_1_447' title='bbox 761 2169 858 2194; x_wconf 88' lang='lat' dir='ltr'><strong>presso</strong></span> <span class='ocrx_word' id='word_1_448' title='bbox 878 2161 995 2194; x_wconf 85' lang='lat' dir='ltr'><strong>Napoll,</strong></span> <span class='ocrx_word' id='word_1_449' title='bbox 1014 2162 1254 2185; x_wconf 86' lang='lat' dir='ltr'><strong>eminentemente</strong></span> 
     </span>
     <span class='ocr_line' id='line_1_49' title="bbox 357 2202 1252 2236; baseline 0.001 -9"><span class='ocrx_word' id='word_1_450' title='bbox 357 2204 508 2228; x_wconf 82' lang='lat' dir='ltr'><strong>vulcanica</strong></span> <span class='ocrx_word' id='word_1_451' title='bbox 527 2211 541 2227; x_wconf 91' lang='lat' dir='ltr'><strong>e</strong></span> <span class='ocrx_word' id='word_1_452' title='bbox 562 2205 691 2236; x_wconf 86' lang='lat' dir='ltr'><strong>soggetta</strong></span> <span class='ocrx_word' id='word_1_453' title='bbox 710 2211 726 2228; x_wconf 92' lang='lat' dir='ltr'><strong>a</strong></span> <span class='ocrx_word' id='word_1_454' title='bbox 745 2204 888 2236; x_wconf 77' lang='lat' dir='ltr'><strong>frequenti</strong></span> <span class='ocrx_word' id='word_1_455' title='bbox 904 2205 1060 2234; x_wconf 74' lang='lat' dir='ltr'><strong>teri-emoti,</strong></span> <span class='ocrx_word' id='word_1_456' title='bbox 1081 2203 1110 2227; x_wconf 85' lang='lat' dir='ltr'><strong>dl</strong></span> <span class='ocrx_word' id='word_1_457' title='bbox 1130 2204 1176 2228; x_wconf 82' lang='lat' dir='ltr'><strong>cui</strong></span> <span class='ocrx_word' id='word_1_458' title='bbox 1189 2202 1252 2228; x_wconf 86' lang='lat' dir='ltr'><strong>l’ul-</strong></span> 
     </span>
     <span class='ocr_line' id='line_1_50' title="bbox 358 2245 1102 2278; baseline 0.001 -9"><span class='ocrx_word' id='word_1_459' title='bbox 358 2247 430 2270; x_wconf 88' lang='lat' dir='ltr'><strong>timo</strong></span> <span class='ocrx_word' id='word_1_460' title='bbox 451 2246 495 2270; x_wconf 89' lang='lat' dir='ltr'><strong>del</strong></span> <span class='ocrx_word' id='word_1_461' title='bbox 517 2245 550 2270; x_wconf 84' lang='lat'><strong>28</strong></span> <span class='ocrx_word' id='word_1_462' title='bbox 570 2246 616 2276; x_wconf 90' lang='lat' dir='ltr'><strong>VI,</strong></span> <span class='ocrx_word' id='word_1_463' title='bbox 640 2245 705 2278; x_wconf 87' lang='lat'>1883</span> <span class='ocrx_word' id='word_1_464' title='bbox 726 2247 862 2271; x_wconf 77' lang='lat' dir='ltr'><strong>distr-usse</strong></span> <span class='ocrx_word' id='word_1_465' title='bbox 882 2246 1102 2272; x_wconf 80' lang='lat' dir='ltr'><strong>Casamicciola.</strong></span> 
     </span>
    </p>

    <p class='ocr_par' dir='ltr' id='par_1_19' title="bbox 357 2286 1252 2404">
     <span class='ocr_line' id='line_1_51' title="bbox 446 2286 1252 2322; baseline 0.001 -10"><span class='ocrx_word' id='word_1_466' title='bbox 446 2286 457 2303; x_wconf 80' lang='lat'>²</span> <span class='ocrx_word' id='word_1_467' title='bbox 475 2287 593 2312; x_wconf 88' lang='lat' dir='ltr'><strong>Stefano</strong></span> <span class='ocrx_word' id='word_1_468' title='bbox 616 2288 780 2322; x_wconf 83' lang='lat' dir='ltr'><strong>d’Anglone</strong></span> <span class='ocrx_word' id='word_1_469' title='bbox 805 2298 819 2314; x_wconf 89' lang='lat' dir='ltr'><strong>e</strong></span> <span class='ocrx_word' id='word_1_470' title='bbox 844 2288 990 2314; x_wconf 78' lang='lat' dir='ltr'><strong>Pandolfo</strong></span> <span class='ocrx_word' id='word_1_471' title='bbox 1016 2289 1173 2320; x_wconf 83' lang='lat' dir='ltr'><strong>d&#39;Aqulno,</strong></span> <span class='ocrx_word' id='word_1_472' title='bbox 1198 2289 1252 2313; x_wconf 89' lang='lat' dir='ltr'><strong>ben</strong></span> 
     </span>
     <span class='ocr_line' id='line_1_52' title="bbox 357 2329 1251 2362; baseline 0 -9"><span class='ocrx_word' id='word_1_473' title='bbox 357 2329 422 2353; x_wconf 82' lang='lat' dir='ltr'><strong>noti</strong></span> <span class='ocrx_word' id='word_1_474' title='bbox 441 2336 520 2353; x_wconf 87' lang='lat' dir='ltr'><strong>come</strong></span> <span class='ocrx_word' id='word_1_475' title='bbox 539 2329 700 2362; x_wconf 76' lang='lat' dir='ltr'><strong>giustizierl</strong></span> <span class='ocrx_word' id='word_1_476' title='bbox 714 2329 743 2354; x_wconf 91' lang='lat' dir='ltr'><strong>di</strong></span> <span class='ocrx_word' id='word_1_477' title='bbox 763 2330 851 2355; x_wconf 85' lang='lat' dir='ltr'><strong>Terra</strong></span> <span class='ocrx_word' id='word_1_478' title='bbox 865 2330 895 2354; x_wconf 79' lang='lat' dir='ltr'><strong>di</strong></span> <span class='ocrx_word' id='word_1_479' title='bbox 908 2329 1032 2361; x_wconf 85' lang='lat' dir='ltr'><strong>Lavoro,</strong></span> <span class='ocrx_word' id='word_1_480' title='bbox 1050 2336 1102 2353; x_wconf 82' lang='lat' dir='ltr'><strong>son</strong></span> <span class='ocrx_word' id='word_1_481' title='bbox 1113 2329 1251 2354; x_wconf 80' lang='lat' dir='ltr'><strong>ricordati</strong></span> 
     </span>
     <span class='ocr_line' id='line_1_53' title="bbox 358 2372 955 2404; baseline 0.003 -9"><span class='ocrx_word' id='word_1_482' title='bbox 358 2372 504 2404; x_wconf 84' lang='lat' dir='ltr'><strong>parecchie</strong></span> <span class='ocrx_word' id='word_1_483' title='bbox 524 2372 602 2396; x_wconf 87' lang='lat' dir='ltr'><strong>volte</strong></span> <span class='ocrx_word' id='word_1_484' title='bbox 621 2372 669 2396; x_wconf 89' lang='lat' dir='ltr'><strong>dal</strong></span> <span class='ocrx_word' id='word_1_485' title='bbox 689 2374 789 2397; x_wconf 81' lang='lat' dir='ltr'><strong>nostro</strong></span> <span class='ocrx_word' id='word_1_486' title='bbox 809 2372 955 2398; x_wconf 83' lang='lat' dir='ltr'><strong>Cronista.</strong></span> 
     </span>
    </p>

    <p class='ocr_par' dir='ltr' id='par_1_20' title="bbox 356 2411 1252 2786">
     <span class='ocr_line' id='line_1_54' title="bbox 444 2411 1251 2447; baseline 0.001 -9"><span class='ocrx_word' id='word_1_487' title='bbox 444 2411 455 2428; x_wconf 75' lang='lat'>³</span> <span class='ocrx_word' id='word_1_488' title='bbox 475 2414 645 2439; x_wconf 84' lang='lat' dir='ltr'><strong>Antrodoco</strong></span> <span class='ocrx_word' id='word_1_489' title='bbox 666 2415 743 2447; x_wconf 84' lang='lat' dir='ltr'><strong>negli</strong></span> <span class='ocrx_word' id='word_1_490' title='bbox 763 2415 896 2444; x_wconf 85' lang='lat' dir='ltr'><strong>Abruzzi,</strong></span> <span class='ocrx_word' id='word_1_491' title='bbox 910 2416 984 2440; x_wconf 88' lang='lat' dir='ltr'><strong>dove</strong></span> <span class='ocrx_word' id='word_1_492' title='bbox 997 2414 1143 2439; x_wconf 66' lang='lat' dir='ltr'><strong>Ruinaldo</strong></span> <span class='ocrx_word' id='word_1_493' title='bbox 1157 2413 1251 2439; x_wconf 86' lang='lat' dir='ltr'><strong>d’Urs-</strong></span> 
     </span>
     <span class='ocr_line' id='line_1_55' title="bbox 357 2456 1252 2491; baseline 0.001 -11"><span class='ocrx_word' id='word_1_494' title='bbox 357 2456 455 2489; x_wconf 88' lang='lat' dir='ltr'><strong>lingen</strong></span> <span class='ocrx_word' id='word_1_495' title='bbox 477 2463 544 2488; x_wconf 82' lang='lat' dir='ltr'><strong>pose</strong></span> <span class='ocrx_word' id='word_1_496' title='bbox 564 2457 586 2480; x_wconf 92' lang='lat' dir='ltr'><strong>il</strong></span> <span class='ocrx_word' id='word_1_497' title='bbox 605 2464 657 2482; x_wconf 84' lang='lat' dir='ltr'><strong>suo</strong></span> <span class='ocrx_word' id='word_1_498' title='bbox 676 2459 819 2489; x_wconf 76' lang='lat' dir='ltr'><strong>quartiere</strong></span> <span class='ocrx_word' id='word_1_499' title='bbox 837 2457 980 2491; x_wconf 78' lang='lat' dir='ltr'><strong>generale.</strong></span> <span class='ocrx_word' id='word_1_500' title='bbox 1015 2457 1112 2481; x_wconf 78' lang='lat' dir='ltr'><strong>Prima</strong></span> <span class='ocrx_word' id='word_1_501' title='bbox 1134 2458 1163 2481; x_wconf 94' lang='lat' dir='ltr'><strong>di</strong></span> <span class='ocrx_word' id='word_1_502' title='bbox 1190 2464 1252 2489; x_wconf 78' lang='lat' dir='ltr'><strong>par-</strong></span> 
     </span>
     <span class='ocr_line' id='line_1_56' title="bbox 357 2497 1251 2532; baseline 0.001 -10"><span class='ocrx_word' id='word_1_503' title='bbox 357 2499 412 2522; x_wconf 90' lang='lat' dir='ltr'><strong>tire</strong></span> <span class='ocrx_word' id='word_1_504' title='bbox 431 2497 566 2523; x_wconf 81' lang='lat' dir='ltr'><strong>Federico</strong></span> <span class='ocrx_word' id='word_1_505' title='bbox 586 2499 697 2524; x_wconf 80' lang='lat' dir='ltr'><strong>l’aveva</strong></span> <span class='ocrx_word' id='word_1_506' title='bbox 722 2501 877 2525; x_wconf 83' lang='lat' dir='ltr'><strong>costitulto</strong></span> <span class='ocrx_word' id='word_1_507' title='bbox 905 2499 1055 2532; x_wconf 75' lang='lat' dir='ltr'><strong>“legatum</strong></span> <span class='ocrx_word' id='word_1_508' title='bbox 1081 2499 1195 2532; x_wconf 81' lang='lat' dir='ltr'><strong>imperii</strong></span> <span class='ocrx_word' id='word_1_509' title='bbox 1220 2500 1251 2523; x_wconf 86' lang='lat' dir='ltr'><strong>ln</strong></span> 
     </span>
     <span class='ocr_line' id='line_1_57' title="bbox 358 2539 1252 2571; baseline 0.002 -7"><span class='ocrx_word' id='word_1_510' title='bbox 358 2539 510 2565; x_wconf 75' lang='lat' dir='ltr'><strong>“marchia</strong></span> <span class='ocrx_word' id='word_1_511' title='bbox 537 2541 730 2571; x_wconf 75' lang='lat' dir='ltr'><strong>Anconitana,</strong></span> <span class='ocrx_word' id='word_1_512' title='bbox 755 2544 818 2567; x_wconf 87' lang='lat' dir='ltr'><strong>tota</strong></span> <span class='ocrx_word' id='word_1_513' title='bbox 846 2544 922 2567; x_wconf 82' lang='lat' dir='ltr'><strong>terra</strong></span> <span class='ocrx_word' id='word_1_514' title='bbox 951 2542 1099 2566; x_wconf 81' lang='lat' dir='ltr'><strong>comitisse</strong></span> <span class='ocrx_word' id='word_1_515' title='bbox 1127 2541 1252 2566; x_wconf 83' lang='lat' dir='ltr'><strong>Malfldis</strong></span> 
     </span>
     <span class='ocr_line' id='line_1_58' title="bbox 359 2580 1251 2615; baseline 0.002 -9"><span class='ocrx_word' id='word_1_516' title='bbox 359 2580 372 2593; x_wconf 76' lang='lat'><strong>‘⁴</strong></span> <span class='ocrx_word' id='word_1_517' title='bbox 385 2580 551 2615; x_wconf 81' lang='lat' dir='ltr'><strong>[Matildis],</strong></span> <span class='ocrx_word' id='word_1_518' title='bbox 570 2583 653 2607; x_wconf 83' lang='lat' dir='ltr'><strong>Valle</strong></span> <span class='ocrx_word' id='word_1_519' title='bbox 672 2582 764 2608; x_wconf 82' lang='lat' dir='ltr'><strong>Lacus</strong></span> <span class='ocrx_word' id='word_1_520' title='bbox 782 2586 811 2609; x_wconf 89' lang='lat' dir='ltr'><strong>et</strong></span> <span class='ocrx_word' id='word_1_521' title='bbox 836 2584 996 2608; x_wconf 81' lang='lat' dir='ltr'><strong>marittima</strong></span> <span class='ocrx_word' id='word_1_522' title='bbox 1007 2602 1031 2615; x_wconf 57' lang='grc' dir='ltr'><strong>η,</strong></span> <span class='ocrx_word' id='word_1_523' title='bbox 1057 2583 1251 2608; x_wconf 85' lang='lat' dir='ltr'><strong>concedendo-</strong></span> 
     </span>
     <span class='ocr_line' id='line_1_59' title="bbox 356 2625 1252 2659; baseline 0 -10"><span class='ocrx_word' id='word_1_524' title='bbox 356 2626 397 2658; x_wconf 85' lang='lat' dir='ltr'><strong>gli</strong></span> <span class='ocrx_word' id='word_1_525' title='bbox 419 2625 449 2649; x_wconf 86' lang='lat' dir='ltr'><strong>in</strong></span> <span class='ocrx_word' id='word_1_526' title='bbox 469 2626 563 2657; x_wconf 87' lang='lat' dir='ltr'><strong>quelle</strong></span> <span class='ocrx_word' id='word_1_527' title='bbox 575 2627 648 2650; x_wconf 86' lang='lat' dir='ltr'><strong>terre</strong></span> <span class='ocrx_word' id='word_1_528' title='bbox 662 2627 747 2659; x_wconf 85' lang='lat' dir='ltr'><strong>plena</strong></span> <span class='ocrx_word' id='word_1_529' title='bbox 761 2626 883 2656; x_wconf 44' lang='lat' dir='ltr'><strong>sacoma</strong></span> <span class='ocrx_word' id='word_1_530' title='bbox 904 2626 940 2651; x_wconf 74' lang='lat' dir='ltr'><strong>cf.</strong></span> <span class='ocrx_word' id='word_1_531' title='bbox 955 2627 995 2650; x_wconf 74' lang='lat' dir='ltr'><em>M</em></span> <span class='ocrx_word' id='word_1_532' title='bbox 1016 2627 1046 2652; x_wconf 90' lang='lat' dir='ltr'><strong>G.</strong></span> <span class='ocrx_word' id='word_1_533' title='bbox 1062 2627 1108 2655; x_wconf 67' lang='lat' dir='ltr'><strong>H„</strong></span> <span class='ocrx_word' id='word_1_534' title='bbox 1123 2627 1191 2655; x_wconf 73' lang='lat' dir='ltr'><strong>LL..</strong></span> <span class='ocrx_word' id='word_1_535' title='bbox 1204 2626 1252 2655; x_wconf 88' lang='lat' dir='ltr'><strong>IV,</strong></span> 
     </span>
     <span class='ocr_line' id='line_1_60' title="bbox 356 2667 1252 2701; baseline 0.001 -10"><span class='ocrx_word' id='word_1_536' title='bbox 356 2669 436 2692; x_wconf 90' lang='lat' dir='ltr'><strong>tomo</strong></span> <span class='ocrx_word' id='word_1_537' title='bbox 455 2674 489 2696; x_wconf 89' lang='lat'><strong>11,</strong></span> <span class='ocrx_word' id='word_1_538' title='bbox 509 2676 535 2701; x_wconf 88' lang='lat' dir='ltr'><strong>p.</strong></span> <span class='ocrx_word' id='word_1_539' title='bbox 559 2668 607 2699; x_wconf 83' lang='lat'><strong>156</strong></span> <span class='ocrx_word' id='word_1_540' title='bbox 626 2677 640 2693; x_wconf 90' lang='lat' dir='ltr'><strong>e</strong></span> <span class='ocrx_word' id='word_1_541' title='bbox 658 2669 817 2699; x_wconf 71' lang='lat' dir='ltr'><strong>PAoLuccr,</strong></span> <span class='ocrx_word' id='word_1_542' title='bbox 837 2670 880 2694; x_wconf 83' lang='lat' dir='ltr'><strong>La</strong></span> <span class='ocrx_word' id='word_1_543' title='bbox 895 2669 988 2700; x_wconf 75' lang='lat' dir='ltr'><strong>prima</strong></span> <span class='ocrx_word' id='word_1_544' title='bbox 1007 2669 1084 2697; x_wconf 79' lang='lat' dir='ltr'><strong>latta,</strong></span> <span class='ocrx_word' id='word_1_545' title='bbox 1098 2669 1155 2698; x_wconf 66' lang='lat' dir='ltr'><strong>cit„</strong></span> <span class='ocrx_word' id='word_1_546' title='bbox 1168 2676 1196 2701; x_wconf 92' lang='lat' dir='ltr'><strong>p.</strong></span> <span class='ocrx_word' id='word_1_547' title='bbox 1210 2667 1252 2697; x_wconf 86' lang='lat'><strong>26,</strong></span> 
     </span>
     <span class='ocr_line' id='line_1_61' title="bbox 358 2711 1252 2745; baseline 0.003 -12"><span class='ocrx_word' id='word_1_548' title='bbox 358 2717 385 2734; x_wconf 93' lang='lat' dir='ltr'><strong>n.</strong></span> <span class='ocrx_word' id='word_1_549' title='bbox 404 2718 420 2742; x_wconf 88' lang='lat'>4</span> <span class='ocrx_word' id='word_1_550' title='bbox 438 2717 487 2743; x_wconf 88' lang='lat' dir='ltr'><strong>per</strong></span> <span class='ocrx_word' id='word_1_551' title='bbox 505 2711 618 2736; x_wconf 77' lang='lat' dir='ltr'><strong>l’esatta</strong></span> <span class='ocrx_word' id='word_1_552' title='bbox 637 2711 884 2745; x_wconf 80' lang='lat' dir='ltr'><strong>interpretazlone</strong></span> <span class='ocrx_word' id='word_1_553' title='bbox 904 2712 934 2736; x_wconf 78' lang='lat' dir='ltr'><strong>di</strong></span> <span class='ocrx_word' id='word_1_554' title='bbox 962 2712 1036 2737; x_wconf 85' lang='lat' dir='ltr'><strong>Valle</strong></span> <span class='ocrx_word' id='word_1_555' title='bbox 1055 2712 1144 2736; x_wconf 80' lang='lat' dir='ltr'><strong>Lacus</strong></span> <span class='ocrx_word' id='word_1_556' title='bbox 1168 2712 1252 2736; x_wconf 85' lang='lat' dir='ltr'><strong>Valle</strong></span> 
     </span>
     <span class='ocr_line' id='line_1_62' title="bbox 358 2752 724 2786; baseline 0.008 -10"><span class='ocrx_word' id='word_1_557' title='bbox 358 2752 402 2776; x_wconf 91' lang='lat' dir='ltr'><strong>del</strong></span> <span class='ocrx_word' id='word_1_558' title='bbox 422 2753 500 2785; x_wconf 89' lang='lat' dir='ltr'><strong>Lago</strong></span> <span class='ocrx_word' id='word_1_559' title='bbox 521 2753 561 2784; x_wconf 87' lang='lat' dir='ltr'><strong>(di</strong></span> <span class='ocrx_word' id='word_1_560' title='bbox 582 2753 724 2786; x_wconf 87' lang='lat' dir='ltr'><strong>Perugia).</strong></span> 
     </span>
    </p>

    <p class='ocr_par' dir='ltr' id='par_1_21' title="bbox 446 2793 934 2828">
     <span class='ocr_line' id='line_1_63' title="bbox 446 2793 934 2828; baseline 0.004 -9"><span class='ocrx_word' id='word_1_561' title='bbox 446 2793 458 2809; x_wconf 84' lang='lat'><strong>⁴</strong></span> <span class='ocrx_word' id='word_1_562' title='bbox 479 2795 677 2828; x_wconf 81' lang='lat' dir='ltr'><strong>Capitignano</strong></span> <span class='ocrx_word' id='word_1_563' title='bbox 697 2803 794 2828; x_wconf 83' lang='lat' dir='ltr'><strong>presso</strong></span> <span class='ocrx_word' id='word_1_564' title='bbox 816 2796 934 2828; x_wconf 82' lang='lat' dir='ltr'><strong>Aquila.</strong></span> 
     </span>
    </p>

    <p class='ocr_par' dir='ltr' id='par_1_22' title="bbox 357 2834 1251 2914">
     <span class='ocr_line' id='line_1_64' title="bbox 443 2834 1251 2864; baseline 0.004 -4"><span class='ocrx_word' id='word_1_565' title='bbox 443 2834 454 2851; x_wconf 81' lang='lat'>⁵</span> <span class='ocrx_word' id='word_1_566' title='bbox 473 2837 528 2861; x_wconf 82' lang='lat' dir='ltr'><strong>Fin</strong></span> <span class='ocrx_word' id='word_1_567' title='bbox 554 2837 601 2862; x_wconf 85' lang='lat' dir='ltr'><strong>dal</strong></span> <span class='ocrx_word' id='word_1_568' title='bbox 630 2838 697 2863; x_wconf 89' lang='lat'>1226</span> <span class='ocrx_word' id='word_1_569' title='bbox 719 2845 767 2863; x_wconf 84' lang='lat' dir='ltr'><strong>era</strong></span> <span class='ocrx_word' id='word_1_570' title='bbox 792 2840 903 2864; x_wconf 85' lang='lat' dir='ltr'><strong>vicario</strong></span> <span class='ocrx_word' id='word_1_571' title='bbox 929 2839 974 2864; x_wconf 84' lang='lat' dir='ltr'><strong>del</strong></span> <span class='ocrx_word' id='word_1_572' title='bbox 1000 2838 1118 2863; x_wconf 73' lang='lat' dir='ltr'><strong>fratello</strong></span> <span class='ocrx_word' id='word_1_573' title='bbox 1144 2846 1195 2863; x_wconf 87' lang='lat' dir='ltr'><strong>suo</strong></span> <span class='ocrx_word' id='word_1_574' title='bbox 1220 2839 1251 2863; x_wconf 90' lang='lat' dir='ltr'><strong>in</strong></span> 
     </span>
     <span class='ocr_line' id='line_1_65' title="bbox 357 2876 947 2914; baseline 0.008 -13"><span class='ocrx_word' id='word_1_575' title='bbox 357 2876 501 2903; x_wconf 76' lang='lat' dir='ltr'><strong>Tuscana:</strong></span> <span class='ocrx_word' id='word_1_576' title='bbox 521 2880 656 2909; x_wconf 68' lang='grc' dir='ltr'><strong>ΒὸιιΜεκ,</strong></span> <span class='ocrx_word' id='word_1_577' title='bbox 676 2888 724 2905; x_wconf 91' lang='lat' dir='ltr'><strong>nn.</strong></span> <span class='ocrx_word' id='word_1_578' title='bbox 746 2880 822 2912; x_wconf 80' lang='lat'><strong>1656.</strong></span> <span class='ocrx_word' id='word_1_579' title='bbox 844 2887 885 2912; x_wconf 90' lang='lat'><strong>70,</strong></span> <span class='ocrx_word' id='word_1_580' title='bbox 905 2887 947 2914; x_wconf 87' lang='lat'><strong>72.</strong></span> 
     </span>
    </p>

    <p class='ocr_par' dir='ltr' id='par_1_23' title="bbox 443 2918 857 2955">
     <span class='ocr_line' id='line_1_66' title="bbox 443 2918 857 2955; baseline 0.007 -11"><span class='ocrx_word' id='word_1_581' title='bbox 443 2918 454 2934; x_wconf 85' lang='lat'><strong>⁶</strong></span> <span class='ocrx_word' id='word_1_582' title='bbox 474 2921 590 2951; x_wconf 78' lang='lat' dir='ltr'><strong>Noreia,</strong></span> <span class='ocrx_word' id='word_1_583' title='bbox 611 2929 707 2953; x_wconf 82' lang='lat' dir='ltr'><strong>presso</strong></span> <span class='ocrx_word' id='word_1_584' title='bbox 726 2923 857 2955; x_wconf 86' lang='lat' dir='ltr'><strong>Perugia.</strong></span> 
     </span>
    </p>

    <p class='ocr_par' dir='ltr' id='par_1_24' title="bbox 358 2962 1254 3040">
     <span class='ocr_line' id='line_1_67' title="bbox 444 2962 1252 2997; baseline 0.005 -11"><span class='ocrx_word' id='word_1_585' title='bbox 444 2962 468 2986; x_wconf 94' lang='lat'><strong>11</strong></span> <span class='ocrx_word' id='word_1_586' title='bbox 495 2969 528 2995; x_wconf 89' lang='lat'><strong>23</strong></span> <span class='ocrx_word' id='word_1_587' title='bbox 553 2963 593 2989; x_wconf 85' lang='lat' dir='ltr'><strong>lx</strong></span> <span class='ocrx_word' id='word_1_588' title='bbox 618 2965 640 2988; x_wconf 81' lang='lat' dir='ltr'><strong>il</strong></span> <span class='ocrx_word' id='word_1_589' title='bbox 666 2972 741 2997; x_wconf 84' lang='lat' dir='ltr'><strong>papa</strong></span> <span class='ocrx_word' id='word_1_590' title='bbox 769 2964 875 2990; x_wconf 74' lang='lat' dir='ltr'><strong>ordino</strong></span> <span class='ocrx_word' id='word_1_591' title='bbox 904 2966 939 2990; x_wconf 87' lang='lat' dir='ltr'><strong>ad</strong></span> <span class='ocrx_word' id='word_1_592' title='bbox 967 2966 1082 2990; x_wconf 86' lang='lat' dir='ltr'><strong>Azzone</strong></span> <span class='ocrx_word' id='word_1_593' title='bbox 1111 2966 1252 2990; x_wconf 69' lang='lat' dir='ltr'><strong>mart-hese</strong></span> 
     </span>
     <span class='ocr_line' id='line_1_68' title="bbox 358 3003 1254 3040; baseline 0.007 -13"><span class='ocrx_word' id='word_1_594' title='bbox 358 3003 452 3028; x_wconf 84' lang='lat' dir='ltr'><strong>d&#39;Este</strong></span> <span class='ocrx_word' id='word_1_595' title='bbox 471 3005 499 3029; x_wconf 89' lang='lat' dir='ltr'><strong>di</strong></span> <span class='ocrx_word' id='word_1_596' title='bbox 514 3007 630 3031; x_wconf 85' lang='lat' dir='ltr'><strong>tornare</strong></span> <span class='ocrx_word' id='word_1_597' title='bbox 643 3007 741 3032; x_wconf 77' lang='lat' dir='ltr'><strong>subito</strong></span> <span class='ocrx_word' id='word_1_598' title='bbox 756 3008 832 3033; x_wconf 83' lang='lat' dir='ltr'><strong>nella</strong></span> <span class='ocrx_word' id='word_1_599' title='bbox 846 3009 942 3034; x_wconf 81' lang='lat' dir='ltr'><strong>Marca</strong></span> <span class='ocrx_word' id='word_1_600' title='bbox 955 3009 1057 3033; x_wconf 79' lang='lat' dir='ltr'><strong>invasa</strong></span> <span class='ocrx_word' id='word_1_601' title='bbox 1071 3008 1119 3033; x_wconf 80' lang='lat' dir='ltr'><strong>dai</strong></span> <span class='ocrx_word' id='word_1_602' title='bbox 1134 3008 1254 3040; x_wconf 71' lang='lat' dir='ltr'><strong>nemlc13</strong></span> 
     </span>
    </p>
   </div>
   <div class='ocr_carea' id='block_1_16' title="bbox 1305 2074 2203 3042">
    <p class='ocr_par' dir='ltr' id='par_1_25' title="bbox 1306 2074 2203 2235">
     <span class='ocr_line' id='line_1_69' title="bbox 1307 2074 2202 2109; baseline 0.001 -9"><span class='ocrx_word' id='word_1_603' title='bbox 1307 2076 1336 2100; x_wconf 90' lang='lat' dir='ltr'><strong>lo</strong></span> <span class='ocrx_word' id='word_1_604' title='bbox 1355 2074 1456 2100; x_wconf 71' lang='lat' dir='ltr'><strong>accuso</strong></span> <span class='ocrx_word' id='word_1_605' title='bbox 1475 2075 1564 2100; x_wconf 85' lang='lat' dir='ltr'><strong>anche</strong></span> <span class='ocrx_word' id='word_1_606' title='bbox 1577 2076 1606 2100; x_wconf 85' lang='lat' dir='ltr'><strong>dl</strong></span> <span class='ocrx_word' id='word_1_607' title='bbox 1627 2083 1709 2100; x_wconf 87' lang='lat' dir='ltr'><strong>avere</strong></span> <span class='ocrx_word' id='word_1_608' title='bbox 1723 2076 1957 2109; x_wconf 82' lang='lat' dir='ltr'><strong>sacrilegamente</strong></span> <span class='ocrx_word' id='word_1_609' title='bbox 1970 2075 2106 2101; x_wconf 70' lang='lat' dir='ltr'><strong>mutuato</strong></span> <span class='ocrx_word' id='word_1_610' title='bbox 2118 2076 2202 2101; x_wconf 74' lang='lat' dir='ltr'><strong>molti</strong></span> 
     </span>
     <span class='ocr_line' id='line_1_70' title="bbox 1307 2119 2203 2152; baseline 0.001 -9"><span class='ocrx_word' id='word_1_611' title='bbox 1307 2119 1380 2152; x_wconf 85' lang='lat' dir='ltr'><strong>preti</strong></span> <span class='ocrx_word' id='word_1_612' title='bbox 1404 2126 1418 2143; x_wconf 89' lang='lat' dir='ltr'><strong>e</strong></span> <span class='ocrx_word' id='word_1_613' title='bbox 1443 2119 1522 2143; x_wconf 87' lang='lat' dir='ltr'><strong>laici:</strong></span> <span class='ocrx_word' id='word_1_614' title='bbox 1545 2119 1776 2150; x_wconf 82' lang='lat' dir='ltr'><strong>“....quosdam</strong></span> <span class='ocrx_word' id='word_1_615' title='bbox 1804 2127 1853 2152; x_wconf 87' lang='lat' dir='ltr'><strong>per</strong></span> <span class='ocrx_word' id='word_1_616' title='bbox 1877 2119 2096 2144; x_wconf 59' lang='lat' dir='ltr'><strong>Saracenorum</strong></span> <span class='ocrx_word' id='word_1_617' title='bbox 2118 2119 2203 2144; x_wconf 85' lang='lat' dir='ltr'><strong>mini-</strong></span> 
     </span>
     <span class='ocr_line' id='line_1_71' title="bbox 1308 2160 2203 2194; baseline 0.001 -9"><span class='ocrx_word' id='word_1_618' title='bbox 1308 2160 1321 2173; x_wconf 73' lang='lat'><strong>‘⁴</strong></span> <span class='ocrx_word' id='word_1_619' title='bbox 1332 2162 1450 2186; x_wconf 84' lang='lat' dir='ltr'><strong>sterlum</strong></span> <span class='ocrx_word' id='word_1_620' title='bbox 1470 2161 1561 2185; x_wconf 84' lang='lat' dir='ltr'><strong>crucis</strong></span> <span class='ocrx_word' id='word_1_621' title='bbox 1580 2161 1720 2193; x_wconf 85' lang='lat' dir='ltr'><strong>affigendo</strong></span> <span class='ocrx_word' id='word_1_622' title='bbox 1740 2161 1909 2193; x_wconf 81' lang='lat' dir='ltr'><strong>patibulo..</strong></span> <span class='ocrx_word' id='word_1_623' title='bbox 1920 2179 1926 2186; x_wconf 86' lang='lat'><strong>.</strong></span> <span class='ocrx_word' id='word_1_624' title='bbox 1937 2178 1944 2186; x_wconf 96' lang='lat'><strong>.</strong></span> <span class='ocrx_word' id='word_1_625' title='bbox 1956 2170 1986 2194; x_wconf 68' lang='grc' dir='ltr'><strong>,ς</strong></span> <span class='ocrx_word' id='word_1_626' title='bbox 2008 2162 2203 2192; x_wconf 65' lang='lat' dir='ltr'><strong>Ronzxsane,</strong></span> 
     </span>
     <span class='ocr_line' id='line_1_72' title="bbox 1306 2203 1584 2235; baseline 0.004 -1"><span class='ocrx_word' id='word_1_627' title='bbox 1306 2203 1327 2234; x_wconf 82' lang='grc' dir='ltr'><strong>Ι,</strong></span> <span class='ocrx_word' id='word_1_628' title='bbox 1349 2211 1376 2228; x_wconf 85' lang='lat' dir='ltr'><strong>n·</strong></span> <span class='ocrx_word' id='word_1_629' title='bbox 1396 2207 1456 2235; x_wconf 77' lang='lat'><strong>375·</strong></span> <span class='ocrx_word' id='word_1_630' title='bbox 1476 2211 1503 2235; x_wconf 82' lang='lat' dir='ltr'><strong>P·</strong></span> <span class='ocrx_word' id='word_1_631' title='bbox 1523 2210 1584 2235; x_wconf 83' lang='lat'>²92·</span> 
     </span>
    </p>

    <p class='ocr_par' dir='ltr' id='par_1_26' title="bbox 1394 2243 1744 2277">
     <span class='ocr_line' id='line_1_73' title="bbox 1394 2243 1744 2277; baseline 0.006 -9"><span class='ocrx_word' id='word_1_632' title='bbox 1394 2243 1406 2261; x_wconf 79' lang='grc'><strong>8</strong></span> <span class='ocrx_word' id='word_1_633' title='bbox 1425 2244 1458 2269; x_wconf 92' lang='lat' dir='ltr'><strong>V.</strong></span> <span class='ocrx_word' id='word_1_634' title='bbox 1480 2247 1548 2270; x_wconf 83' lang='lat' dir='ltr'><strong>nota</strong></span> <span class='ocrx_word' id='word_1_635' title='bbox 1568 2246 1744 2277; x_wconf 83' lang='lat' dir='ltr'><strong>precedente.</strong></span> 
     </span>
    </p>

    <p class='ocr_par' dir='ltr' id='par_1_27' title="bbox 1305 2286 2202 2745">
     <span class='ocr_line' id='line_1_74' title="bbox 1395 2286 2202 2314; baseline 0.002 -2"><span class='ocrx_word' id='word_1_636' title='bbox 1395 2286 1407 2303; x_wconf 84' lang='lat'>⁹</span> <span class='ocrx_word' id='word_1_637' title='bbox 1425 2286 1576 2312; x_wconf 83' lang='lat' dir='ltr'><strong>Giovanni</strong></span> <span class='ocrx_word' id='word_1_638' title='bbox 1591 2288 1621 2312; x_wconf 90' lang='lat' dir='ltr'><strong>di</strong></span> <span class='ocrx_word' id='word_1_639' title='bbox 1643 2288 1765 2312; x_wconf 87' lang='lat' dir='ltr'><strong>Brienne</strong></span> <span class='ocrx_word' id='word_1_640' title='bbox 1785 2296 1799 2312; x_wconf 89' lang='lat' dir='ltr'><strong>e</strong></span> <span class='ocrx_word' id='word_1_641' title='bbox 1819 2287 1967 2313; x_wconf 83' lang='lat' dir='ltr'><strong>Giovanni</strong></span> <span class='ocrx_word' id='word_1_642' title='bbox 1989 2287 2124 2313; x_wconf 85' lang='lat' dir='ltr'><strong>Colonna</strong></span> <span class='ocrx_word' id='word_1_643' title='bbox 2142 2295 2202 2314; x_wconf 81' lang='lat' dir='ltr'><strong>cu·-</strong></span> 
     </span>
     <span class='ocr_line' id='line_1_75' title="bbox 1306 2329 2202 2363; baseline 0.001 -9"><span class='ocrx_word' id='word_1_644' title='bbox 1306 2329 1412 2358; x_wconf 76' lang='lat' dir='ltr'><strong>dinale,</strong></span> <span class='ocrx_word' id='word_1_645' title='bbox 1425 2329 1473 2362; x_wconf 75' lang='lat' dir='ltr'><strong>gia</strong></span> <span class='ocrx_word' id='word_1_646' title='bbox 1487 2337 1503 2354; x_wconf 86' lang='lat' dir='ltr'><strong>a</strong></span> <span class='ocrx_word' id='word_1_647' title='bbox 1515 2337 1587 2362; x_wconf 90' lang='lat' dir='ltr'><strong>capo</strong></span> <span class='ocrx_word' id='word_1_648' title='bbox 1601 2330 1646 2354; x_wconf 85' lang='lat' dir='ltr'><strong>del</strong></span> <span class='ocrx_word' id='word_1_649' title='bbox 1661 2330 1715 2354; x_wconf 91' lang='lat' dir='ltr'><strong>due</strong></span> <span class='ocrx_word' id='word_1_650' title='bbox 1729 2330 1843 2355; x_wconf 78' lang='lat' dir='ltr'><strong>eserciti</strong></span> <span class='ocrx_word' id='word_1_651' title='bbox 1856 2330 1954 2363; x_wconf 84' lang='lat' dir='ltr'><strong>papali</strong></span> <span class='ocrx_word' id='word_1_652' title='bbox 1969 2330 2108 2355; x_wconf 74' lang='lat' dir='ltr'><strong>destinati</strong></span> <span class='ocrx_word' id='word_1_653' title='bbox 2122 2330 2202 2356; x_wconf 82' lang='lat' dir='ltr'><strong>l’uno</strong></span> 
     </span>
     <span class='ocr_line' id='line_1_76' title="bbox 1306 2371 2202 2405; baseline 0.001 -10"><span class='ocrx_word' id='word_1_654' title='bbox 1306 2378 1355 2404; x_wconf 84' lang='lat' dir='ltr'><strong>per</strong></span> <span class='ocrx_word' id='word_1_655' title='bbox 1373 2371 1402 2396; x_wconf 83' lang='lat' dir='ltr'><strong>la</strong></span> <span class='ocrx_word' id='word_1_656' title='bbox 1422 2371 1516 2396; x_wconf 83' lang='lat' dir='ltr'><strong>Marca</strong></span> <span class='ocrx_word' id='word_1_657' title='bbox 1536 2371 1687 2396; x_wconf 82' lang='lat' dir='ltr'><strong>d’Ancona</strong></span> <span class='ocrx_word' id='word_1_658' title='bbox 1707 2379 1721 2396; x_wconf 88' lang='lat' dir='ltr'><strong>e</strong></span> <span class='ocrx_word' id='word_1_659' title='bbox 1740 2371 1838 2396; x_wconf 86' lang='lat' dir='ltr'><strong>l’altro</strong></span> <span class='ocrx_word' id='word_1_660' title='bbox 1863 2379 1913 2405; x_wconf 92' lang='lat' dir='ltr'><strong>per</strong></span> <span class='ocrx_word' id='word_1_661' title='bbox 1938 2371 2102 2401; x_wconf 80' lang='lat' dir='ltr'><strong>PAbruzzo,</strong></span> <span class='ocrx_word' id='word_1_662' title='bbox 2121 2371 2144 2396; x_wconf 84' lang='lat'><strong>11</strong></span> <span class='ocrx_word' id='word_1_663' title='bbox 2167 2371 2202 2396; x_wconf 75' lang='lat'><strong>26</strong></span> 
     </span>
     <span class='ocr_line' id='line_1_77' title="bbox 1306 2413 2202 2445; baseline 0.001 -7"><span class='ocrx_word' id='word_1_664' title='bbox 1306 2413 1353 2443; x_wconf 83' lang='lat' dir='ltr'><strong>VI,</strong></span> <span class='ocrx_word' id='word_1_665' title='bbox 1376 2419 1443 2445; x_wconf 82' lang='lat'>1229</span> <span class='ocrx_word' id='word_1_666' title='bbox 1465 2414 1570 2438; x_wconf 82' lang='lat' dir='ltr'><strong>furono</strong></span> <span class='ocrx_word' id='word_1_667' title='bbox 1593 2414 1700 2438; x_wconf 86' lang='lat' dir='ltr'><strong>lnvlati</strong></span> <span class='ocrx_word' id='word_1_668' title='bbox 1728 2416 1831 2438; x_wconf 88' lang='lat' dir='ltr'><strong>contro</strong></span> <span class='ocrx_word' id='word_1_669' title='bbox 1857 2414 1992 2439; x_wconf 78' lang='lat' dir='ltr'><strong>Federico</strong></span> <span class='ocrx_word' id='word_1_670' title='bbox 2018 2413 2044 2438; x_wconf 92' lang='lat'><strong>11</strong></span> <span class='ocrx_word' id='word_1_671' title='bbox 2068 2414 2119 2439; x_wconf 88' lang='lat' dir='ltr'><strong>che</strong></span> <span class='ocrx_word' id='word_1_672' title='bbox 2142 2415 2202 2439; x_wconf 86' lang='lat' dir='ltr'><strong>tor-</strong></span> 
     </span>
     <span class='ocr_line' id='line_1_78' title="bbox 1307 2455 2202 2482; baseline 0.002 -2"><span class='ocrx_word' id='word_1_673' title='bbox 1307 2463 1381 2481; x_wconf 84' lang='lat' dir='ltr'><strong>nava</strong></span> <span class='ocrx_word' id='word_1_674' title='bbox 1401 2456 1479 2481; x_wconf 88' lang='lat' dir='ltr'><strong>dalla</strong></span> <span class='ocrx_word' id='word_1_675' title='bbox 1497 2457 1638 2481; x_wconf 74' lang='lat' dir='ltr'><strong>cruciata:</strong></span> <span class='ocrx_word' id='word_1_676' title='bbox 1653 2456 1667 2470; x_wconf 83' lang='lat'><em>“</em></span> <span class='ocrx_word' id='word_1_677' title='bbox 1678 2475 1684 2481; x_wconf 82' lang='lat'><strong>.</strong></span> <span class='ocrx_word' id='word_1_678' title='bbox 1695 2474 1702 2481; x_wconf 87' lang='lat'><strong>.</strong></span> <span class='ocrx_word' id='word_1_679' title='bbox 1713 2475 1718 2481; x_wconf 95' lang='lat'><strong>.</strong></span> <span class='ocrx_word' id='word_1_680' title='bbox 1730 2456 1922 2482; x_wconf 74' lang='lat' dir='ltr'><strong>‚Kar-issimus</strong></span> <span class='ocrx_word' id='word_1_681' title='bbox 1943 2457 1973 2481; x_wconf 86' lang='lat' dir='ltr'><strong>ln</strong></span> <span class='ocrx_word' id='word_1_682' title='bbox 1989 2455 2107 2481; x_wconf 86' lang='lat' dir='ltr'><strong>Christo</strong></span> <span class='ocrx_word' id='word_1_683' title='bbox 2124 2456 2202 2482; x_wconf 71' lang='lat' dir='ltr'><strong>mlu-</strong></span> 
     </span>
     <span class='ocr_line' id='line_1_79' title="bbox 1309 2496 2202 2531; baseline 0.002 -9"><span class='ocrx_word' id='word_1_684' title='bbox 1309 2496 1497 2531; x_wconf 69' lang='lat' dir='ltr'><strong>“I[ohannes]</strong></span> <span class='ocrx_word' id='word_1_685' title='bbox 1526 2506 1574 2523; x_wconf 84' lang='lat' dir='ltr'><strong>rex</strong></span> <span class='ocrx_word' id='word_1_686' title='bbox 1601 2499 1849 2524; x_wconf 81' lang='lat' dir='ltr'><strong>Ierosolimltanus</strong></span> <span class='ocrx_word' id='word_1_687' title='bbox 1875 2499 2000 2523; x_wconf 81' lang='lat' dir='ltr'><strong>illustris</strong></span> <span class='ocrx_word' id='word_1_688' title='bbox 2024 2499 2053 2523; x_wconf 86' lang='lat' dir='ltr'><strong>et</strong></span> <span class='ocrx_word' id='word_1_689' title='bbox 2079 2498 2202 2524; x_wconf 81' lang='lat' dir='ltr'><strong>dilectus</strong></span> 
     </span>
     <span class='ocr_line' id='line_1_80' title="bbox 1308 2541 2201 2574; baseline 0.001 -9"><span class='ocrx_word' id='word_1_690' title='bbox 1308 2541 1407 2566; x_wconf 79' lang='lat' dir='ltr'><strong>“filius</strong></span> <span class='ocrx_word' id='word_1_691' title='bbox 1426 2541 1449 2566; x_wconf 88' lang='grc' dir='ltr'><strong>Ι.</strong></span> <span class='ocrx_word' id='word_1_692' title='bbox 1468 2541 1548 2566; x_wconf 85' lang='lat' dir='ltr'><strong>tituli</strong></span> <span class='ocrx_word' id='word_1_693' title='bbox 1568 2541 1595 2566; x_wconf 91' lang='lat' dir='ltr'><strong>S.</strong></span> <span class='ocrx_word' id='word_1_694' title='bbox 1609 2542 1748 2566; x_wconf 78' lang='lat' dir='ltr'><strong>Praxedls</strong></span> <span class='ocrx_word' id='word_1_695' title='bbox 1762 2541 1906 2574; x_wconf 84' lang='lat' dir='ltr'><strong>presbyter</strong></span> <span class='ocrx_word' id='word_1_696' title='bbox 1919 2541 2084 2571; x_wconf 73' lang='lat' dir='ltr'><strong>cardinalis,</strong></span> <span class='ocrx_word' id='word_1_697' title='bbox 2098 2541 2201 2566; x_wconf 78' lang='lat' dir='ltr'><strong>audito</strong></span> 
     </span>
     <span class='ocr_line' id='line_1_81' title="bbox 1308 2583 2202 2616; baseline 0 -8"><span class='ocrx_word' id='word_1_698' title='bbox 1308 2584 1323 2598; x_wconf 52' lang='grc' dir='ltr'><em>α</em></span> <span class='ocrx_word' id='word_1_699' title='bbox 1333 2584 1381 2608; x_wconf 87' lang='lat' dir='ltr'><strong>sed</strong></span> <span class='ocrx_word' id='word_1_700' title='bbox 1395 2585 1522 2609; x_wconf 88' lang='lat' dir='ltr'><strong>nondum</strong></span> <span class='ocrx_word' id='word_1_701' title='bbox 1536 2584 1619 2616; x_wconf 89' lang='lat' dir='ltr'><strong>plene</strong></span> <span class='ocrx_word' id='word_1_702' title='bbox 1630 2584 1704 2608; x_wconf 82' lang='lat' dir='ltr'><strong>scito</strong></span> <span class='ocrx_word' id='word_1_703' title='bbox 1714 2584 1790 2616; x_wconf 92' lang='lat' dir='ltr'><strong>quod</strong></span> <span class='ocrx_word' id='word_1_704' title='bbox 1802 2584 1895 2608; x_wconf 84' lang='lat' dir='ltr'><strong>dictus</strong></span> <span class='ocrx_word' id='word_1_705' title='bbox 1908 2583 2075 2608; x_wconf 82' lang='lat' dir='ltr'><strong>Fredericus</strong></span> <span class='ocrx_word' id='word_1_706' title='bbox 2085 2583 2202 2609; x_wconf 77' lang='lat' dir='ltr'><strong>redierit</strong></span> 
     </span>
     <span class='ocr_line' id='line_1_82' title="bbox 1306 2626 2202 2660; baseline 0 -8"><span class='ocrx_word' id='word_1_707' title='bbox 1306 2626 1320 2640; x_wconf 82' lang='lat'><em>“</em></span> <span class='ocrx_word' id='word_1_708' title='bbox 1332 2627 1366 2652; x_wconf 88' lang='lat' dir='ltr'><strong>de</strong></span> <span class='ocrx_word' id='word_1_709' title='bbox 1385 2628 1514 2660; x_wconf 80' lang='lat' dir='ltr'><strong>partibus</strong></span> <span class='ocrx_word' id='word_1_710' title='bbox 1533 2629 1746 2657; x_wconf 85' lang='lat' dir='ltr'><strong>transmarinis,</strong></span> <span class='ocrx_word' id='word_1_711' title='bbox 1761 2629 1863 2652; x_wconf 82' lang='lat' dir='ltr'><strong>contra</strong></span> <span class='ocrx_word' id='word_1_712' title='bbox 1875 2634 1938 2652; x_wconf 91' lang='lat' dir='ltr'><strong>eum</strong></span> <span class='ocrx_word' id='word_1_713' title='bbox 1953 2629 2117 2659; x_wconf 86' lang='lat' dir='ltr'><strong>proponant</strong></span> <span class='ocrx_word' id='word_1_714' title='bbox 2135 2635 2202 2660; x_wconf 86' lang='lat' dir='ltr'><strong>pro-</strong></span> 
     </span>
     <span class='ocr_line' id='line_1_83' title="bbox 1307 2669 2200 2703; baseline 0.001 -9"><span class='ocrx_word' id='word_1_715' title='bbox 1307 2669 1320 2683; x_wconf 83' lang='lat'><strong>‘¹</strong></span> <span class='ocrx_word' id='word_1_716' title='bbox 1332 2670 1429 2695; x_wconf 88' lang='lat' dir='ltr'><strong>cedere</strong></span> <span class='ocrx_word' id='word_1_717' title='bbox 1444 2672 1473 2694; x_wconf 90' lang='lat' dir='ltr'><strong>in</strong></span> <span class='ocrx_word' id='word_1_718' title='bbox 1489 2671 1605 2695; x_wconf 83' lang='lat' dir='ltr'><strong>nornine</strong></span> <span class='ocrx_word' id='word_1_719' title='bbox 1618 2670 1680 2695; x_wconf 87' lang='lat' dir='ltr'><strong>Iesu</strong></span> <span class='ocrx_word' id='word_1_720' title='bbox 1691 2669 1800 2695; x_wconf 83' lang='lat' dir='ltr'><strong>Christi</strong></span> <span class='ocrx_word' id='word_1_721' title='bbox 1816 2672 1847 2695; x_wconf 88' lang='lat' dir='ltr'><strong>ut</strong></span> <span class='ocrx_word' id='word_1_722' title='bbox 1859 2671 1986 2695; x_wconf 80' lang='lat' dir='ltr'><strong>artantes</strong></span> <span class='ocrx_word' id='word_1_723' title='bbox 1998 2670 2149 2695; x_wconf 87' lang='lat' dir='ltr'><strong>eundem..</strong></span> <span class='ocrx_word' id='word_1_724' title='bbox 2158 2687 2165 2695; x_wconf 90' lang='lat'><strong>.</strong></span> <span class='ocrx_word' id='word_1_725' title='bbox 2174 2678 2200 2703; x_wconf 67' lang='grc' dir='ltr'><strong>,ς</strong></span> 
     </span>
     <span class='ocr_line' id='line_1_84' title="bbox 1305 2711 1877 2745; baseline 0.003 -10"><span class='ocrx_word' id='word_1_726' title='bbox 1305 2711 1499 2742; x_wconf 73' lang='lat' dir='ltr'><strong>Rommsano,</strong></span> <span class='ocrx_word' id='word_1_727' title='bbox 1518 2713 1540 2743; x_wconf 81' lang='grc' dir='ltr'><strong>Ι,</strong></span> <span class='ocrx_word' id='word_1_728' title='bbox 1559 2721 1587 2737; x_wconf 91' lang='lat' dir='ltr'><strong>n.</strong></span> <span class='ocrx_word' id='word_1_729' title='bbox 1606 2718 1667 2745; x_wconf 74' lang='lat'><strong>395,</strong></span> <span class='ocrx_word' id='word_1_730' title='bbox 1687 2720 1713 2745; x_wconf 88' lang='lat' dir='ltr'><strong>p.</strong></span> <span class='ocrx_word' id='word_1_731' title='bbox 1733 2719 1784 2745; x_wconf 89' lang='lat'><strong>3¹3</strong></span> <span class='ocrx_word' id='word_1_732' title='bbox 1803 2720 1818 2737; x_wconf 88' lang='lat' dir='ltr'><strong>e</strong></span> <span class='ocrx_word' id='word_1_733' title='bbox 1837 2719 1877 2745; x_wconf 85' lang='lat' dir='ltr'><strong>sg.</strong></span> 
     </span>
    </p>

    <p class='ocr_par' dir='ltr' id='par_1_28' title="bbox 1306 2753 2200 3042">
     <span class='ocr_line' id='line_1_85' title="bbox 1394 2753 2199 2786; baseline 0 -7"><span class='ocrx_word' id='word_1_734' title='bbox 1394 2753 1416 2770; x_wconf 89' lang='lat'><strong>¹⁰</strong></span> <span class='ocrx_word' id='word_1_735' title='bbox 1435 2754 1458 2778; x_wconf 94' lang='lat' dir='ltr'><strong>Il</strong></span> <span class='ocrx_word' id='word_1_736' title='bbox 1479 2756 1558 2779; x_wconf 84' lang='lat' dir='ltr'><strong>terzo</strong></span> <span class='ocrx_word' id='word_1_737' title='bbox 1578 2755 1699 2779; x_wconf 84' lang='lat' dir='ltr'><strong>esercito</strong></span> <span class='ocrx_word' id='word_1_738' title='bbox 1718 2756 1797 2779; x_wconf 87' lang='lat' dir='ltr'><strong>sotto</strong></span> <span class='ocrx_word' id='word_1_739' title='bbox 1817 2754 1844 2779; x_wconf 80' lang='lat' dir='ltr'><strong>la</strong></span> <span class='ocrx_word' id='word_1_740' title='bbox 1863 2755 1950 2786; x_wconf 85' lang='lat' dir='ltr'><strong>gulda</strong></span> <span class='ocrx_word' id='word_1_741' title='bbox 1969 2754 1999 2779; x_wconf 87' lang='lat' dir='ltr'><strong>dl</strong></span> <span class='ocrx_word' id='word_1_742' title='bbox 2013 2753 2156 2779; x_wconf 82' lang='lat' dir='ltr'><strong>Pandolso</strong></span> <span class='ocrx_word' id='word_1_743' title='bbox 2169 2754 2199 2779; x_wconf 83' lang='lat' dir='ltr'><strong>dl</strong></span> 
     </span>
     <span class='ocr_line' id='line_1_86' title="bbox 1306 2796 2199 2829; baseline -0.001 -8"><span class='ocrx_word' id='word_1_744' title='bbox 1306 2797 1422 2829; x_wconf 83' lang='lat' dir='ltr'><strong>Anagni</strong></span> <span class='ocrx_word' id='word_1_745' title='bbox 1442 2796 1643 2827; x_wconf 83' lang='lat' dir='ltr'><strong>(suddiacono,</strong></span> <span class='ocrx_word' id='word_1_746' title='bbox 1663 2799 1766 2821; x_wconf 77' lang='lat' dir='ltr'><strong>notare</strong></span> <span class='ocrx_word' id='word_1_747' title='bbox 1785 2803 1800 2820; x_wconf 86' lang='lat' dir='ltr'><strong>e</strong></span> <span class='ocrx_word' id='word_1_748' title='bbox 1818 2796 1988 2828; x_wconf 80' lang='lat' dir='ltr'><strong>cappellano</strong></span> <span class='ocrx_word' id='word_1_749' title='bbox 2007 2797 2054 2821; x_wconf 86' lang='lat' dir='ltr'><strong>del</strong></span> <span class='ocrx_word' id='word_1_750' title='bbox 2073 2804 2146 2829; x_wconf 81' lang='lat' dir='ltr'><strong>papa</strong></span> <span class='ocrx_word' id='word_1_751' title='bbox 2162 2796 2199 2820; x_wconf 86' lang='lat' dir='ltr'><strong>le-</strong></span> 
     </span>
     <span class='ocr_line' id='line_1_87' title="bbox 1306 2838 2199 2872; baseline -0.001 -8"><span class='ocrx_word' id='word_1_752' title='bbox 1306 2840 1374 2870; x_wconf 84' lang='lat' dir='ltr'><strong>gato</strong></span> <span class='ocrx_word' id='word_1_753' title='bbox 1395 2839 1472 2864; x_wconf 88' lang='lat' dir='ltr'><strong>nella</strong></span> <span class='ocrx_word' id='word_1_754' title='bbox 1493 2838 1608 2871; x_wconf 74' lang='lat' dir='ltr'><strong>Mares),</strong></span> <span class='ocrx_word' id='word_1_755' title='bbox 1632 2839 1749 2864; x_wconf 76' lang='lat' dir='ltr'><strong>“virum</strong></span> <span class='ocrx_word' id='word_1_756' title='bbox 1769 2840 1868 2870; x_wconf 75' lang='lat' dir='ltr'><strong>utique</strong></span> <span class='ocrx_word' id='word_1_757' title='bbox 1893 2838 2046 2872; x_wconf 88' lang='lat' dir='ltr'><strong>providum</strong></span> <span class='ocrx_word' id='word_1_758' title='bbox 2065 2840 2093 2863; x_wconf 91' lang='lat' dir='ltr'><strong>et</strong></span> <span class='ocrx_word' id='word_1_759' title='bbox 2111 2839 2199 2863; x_wconf 86' lang='lat' dir='ltr'><strong>hone-</strong></span> 
     </span>
     <span class='ocr_line' id='line_1_88' title="bbox 1308 2878 2200 2914; baseline 0 -8"><span class='ocrx_word' id='word_1_760' title='bbox 1308 2882 1321 2895; x_wconf 77' lang='lat' dir='ltr'><strong>a</strong></span> <span class='ocrx_word' id='word_1_761' title='bbox 1333 2883 1406 2906; x_wconf 88' lang='lat' dir='ltr'><strong>stum</strong></span> <span class='ocrx_word' id='word_1_762' title='bbox 1417 2899 1440 2913; x_wconf 78' lang='lat'><strong>„,</strong></span> <span class='ocrx_word' id='word_1_763' title='bbox 1461 2890 1475 2906; x_wconf 91' lang='lat' dir='ltr'><strong>e</strong></span> <span class='ocrx_word' id='word_1_764' title='bbox 1494 2882 1539 2906; x_wconf 90' lang='lat' dir='ltr'><strong>dei</strong></span> <span class='ocrx_word' id='word_1_765' title='bbox 1560 2882 1650 2907; x_wconf 82' lang='lat' dir='ltr'><strong>Conti</strong></span> <span class='ocrx_word' id='word_1_766' title='bbox 1671 2881 1823 2906; x_wconf 82' lang='lat' dir='ltr'><strong>Tommaso</strong></span> <span class='ocrx_word' id='word_1_767' title='bbox 1843 2881 1872 2905; x_wconf 84' lang='lat' dir='ltr'><strong>di</strong></span> <span class='ocrx_word' id='word_1_768' title='bbox 1893 2880 2004 2907; x_wconf 85' lang='lat' dir='ltr'><strong>Celano</strong></span> <span class='ocrx_word' id='word_1_769' title='bbox 2022 2888 2038 2906; x_wconf 87' lang='lat' dir='ltr'><strong>e</strong></span> <span class='ocrx_word' id='word_1_770' title='bbox 2055 2878 2200 2914; x_wconf 79' lang='lat' dir='ltr'><strong>Rugglero</strong></span> 
     </span>
     <span class='ocr_line' id='line_1_89' title="bbox 1307 2923 2200 2956; baseline 0 -8"><span class='ocrx_word' id='word_1_771' title='bbox 1307 2924 1335 2948; x_wconf 88' lang='lat' dir='ltr'><strong>di</strong></span> <span class='ocrx_word' id='word_1_772' title='bbox 1355 2924 1449 2949; x_wconf 83' lang='lat' dir='ltr'><strong>Fondi</strong></span> <span class='ocrx_word' id='word_1_773' title='bbox 1471 2925 1502 2949; x_wconf 85' lang='lat' dir='ltr'><strong>su</strong></span> <span class='ocrx_word' id='word_1_774' title='bbox 1521 2924 1667 2949; x_wconf 82' lang='lat' dir='ltr'><strong>destinato</strong></span> <span class='ocrx_word' id='word_1_775' title='bbox 1687 2923 1721 2948; x_wconf 86' lang='lat' dir='ltr'><strong>ad</strong></span> <span class='ocrx_word' id='word_1_776' title='bbox 1744 2930 1882 2956; x_wconf 84' lang='lat' dir='ltr'><strong>occupare</strong></span> <span class='ocrx_word' id='word_1_777' title='bbox 1901 2924 1929 2948; x_wconf 90' lang='lat' dir='ltr'><strong>la</strong></span> <span class='ocrx_word' id='word_1_778' title='bbox 1953 2923 2057 2956; x_wconf 80' lang='lat' dir='ltr'><strong>Puglia</strong></span> <span class='ocrx_word' id='word_1_779' title='bbox 2076 2931 2091 2948; x_wconf 84' lang='lat' dir='ltr'><strong>e</strong></span> <span class='ocrx_word' id='word_1_780' title='bbox 2110 2924 2137 2948; x_wconf 89' lang='lat' dir='ltr'><strong>la</strong></span> <span class='ocrx_word' id='word_1_781' title='bbox 2155 2923 2200 2948; x_wconf 80' lang='lat' dir='ltr'><strong>sl-</strong></span> 
     </span>
     <span class='ocr_line' id='line_1_90' title="bbox 1306 2964 2200 2998; baseline -0.001 -8"><span class='ocrx_word' id='word_1_782' title='bbox 1306 2966 1392 2998; x_wconf 78' lang='lat' dir='ltr'><strong>cilia;</strong></span> <span class='ocrx_word' id='word_1_783' title='bbox 1417 2966 1454 2990; x_wconf 84' lang='lat' dir='ltr'><strong>ef.</strong></span> <span class='ocrx_word' id='word_1_784' title='bbox 1474 2966 1549 2990; x_wconf 88' lang='lat' dir='ltr'><strong>oltre</strong></span> <span class='ocrx_word' id='word_1_785' title='bbox 1569 2967 1704 2996; x_wconf 69' lang='lat' dir='ltr'><strong>Boanum,</strong></span> <span class='ocrx_word' id='word_1_786' title='bbox 1729 2973 1777 2990; x_wconf 90' lang='lat' dir='ltr'><strong>nn.</strong></span> <span class='ocrx_word' id='word_1_787' title='bbox 1802 2964 1911 2998; x_wconf 80' lang='lat'><strong>6581-2,</strong></span> <span class='ocrx_word' id='word_1_788' title='bbox 1939 2965 2025 2990; x_wconf 83' lang='lat'>12886</span> <span class='ocrx_word' id='word_1_789' title='bbox 2049 2966 2116 2994; x_wconf 78' lang='lat' dir='ltr'><strong>etc.;</strong></span> <span class='ocrx_word' id='word_1_790' title='bbox 2142 2965 2200 2989; x_wconf 88' lang='lat' dir='ltr'><strong>Ro-</strong></span> 
     </span>
     <span class='ocr_line' id='line_1_91' title="bbox 1306 3007 2006 3042; baseline -0.001 -9"><span class='ocrx_word' id='word_1_791' title='bbox 1306 3015 1455 3039; x_wconf 68' lang='lat' dir='ltr'><strong>manasne,</strong></span> <span class='ocrx_word' id='word_1_792' title='bbox 1474 3009 1495 3039; x_wconf 90' lang='lat'><strong>1,</strong></span> <span class='ocrx_word' id='word_1_793' title='bbox 1515 3016 1541 3033; x_wconf 89' lang='lat' dir='ltr'><strong>n.</strong></span> <span class='ocrx_word' id='word_1_794' title='bbox 1562 3015 1613 3041; x_wconf 89' lang='lat'><strong>402</strong></span> <span class='ocrx_word' id='word_1_795' title='bbox 1633 3007 1661 3042; x_wconf 90' lang='lat'><strong>(7</strong></span> <span class='ocrx_word' id='word_1_796' title='bbox 1680 3007 1728 3038; x_wconf 86' lang='lat' dir='ltr'><strong>IX,</strong></span> <span class='ocrx_word' id='word_1_797' title='bbox 1749 3007 1828 3041; x_wconf 80' lang='lat'>1²29)</span> <span class='ocrx_word' id='word_1_798' title='bbox 1847 3015 1895 3041; x_wconf 84' lang='lat' dir='ltr'><strong>pp.</strong></span> <span class='ocrx_word' id='word_1_799' title='bbox 1915 3014 2006 3040; x_wconf 83' lang='lat'><strong>321-2.</strong></span> 
     </span>
    </p>
   </div>
   <div class='ocr_carea' id='block_1_17' title="bbox 2226 807 2320 859">
    <p class='ocr_par' dir='ltr' id='par_1_29' title="bbox 2226 807 2320 859">
     <span class='ocr_line' id='line_1_92' title="bbox 2226 807 2320 859; baseline 0.011 -1"><span class='ocrx_word' id='word_1_800' title='bbox 2226 807 2320 859; x_wconf 55' lang='lat' dir='ltr'><strong>10*i</strong></span> 
     </span>
    </p>
   </div>
   <div class='ocr_carea' id='block_1_18' title="bbox 2227 1091 2296 1126">
    <p class='ocr_par' dir='ltr' id='par_1_30' title="bbox 2227 1091 2296 1126">
     <span class='ocr_line' id='line_1_93' title="bbox 2227 1091 2296 1126; baseline 0.014 -1"><span class='ocrx_word' id='word_1_801' title='bbox 2227 1091 2296 1126; x_wconf 35' lang='lat'><strong>15*</strong></span> 
     </span>
    </p>
   </div>
   <div class='ocr_carea' id='block_1_19' title="bbox 2223 1362 2267 1394">
    <p class='ocr_par' dir='ltr' id='par_1_31' title="bbox 2223 1362 2267 1394">
     <span class='ocr_line' id='line_1_94' title="bbox 2223 1362 2267 1394; baseline 0.023 -1"><span class='ocrx_word' id='word_1_802' title='bbox 2223 1362 2267 1394; x_wconf 87' lang='grc'><strong>20</strong></span> 
     </span>
    </p>
   </div>
   <div class='ocr_carea' id='block_1_20' title="bbox 2225 1626 2266 1661">
    <p class='ocr_par' dir='ltr' id='par_1_32' title="bbox 2225 1626 2266 1661">
     <span class='ocr_line' id='line_1_95' title="bbox 2225 1626 2266 1661; baseline -0.024 0"><span class='ocrx_word' id='word_1_803' title='bbox 2225 1626 2266 1661; x_wconf 86' lang='grc'><strong>25</strong></span> 
     </span>
    </p>
   </div>
   <div class='ocr_carea' id='block_1_21' title="bbox 2230 1996 2266 2022">
    <p class='ocr_par' dir='ltr' id='par_1_33' title="bbox 2230 1996 2266 2022">
     <span class='ocr_line' id='line_1_96' title="bbox 2230 1996 2266 2022; baseline 0 -8"><span class='ocrx_word' id='word_1_804' title='bbox 2230 1996 2266 2022; x_wconf 81' lang='grc'><strong>30</strong></span> 
     </span>
    </p>
   </div>
   <div class='ocr_carea' id='block_1_22' title="bbox 2240 0 2320 2193">
    <p class='ocr_par' dir='ltr' id='par_1_34' title="bbox 2240 0 2320 2193">
     <span class='ocr_line' id='line_1_97' title="bbox 2240 0 2320 2193; baseline 0 0"><span class='ocrx_word' id='word_1_805' title='bbox 2240 0 2320 2193; x_wconf 95' lang='lat' dir='ltr'><strong> </strong></span> 
     </span>
    </p>
   </div>
   <div class='ocr_carea' id='block_1_23' title="bbox 2228 2207 2320 2242">
    <p class='ocr_par' dir='ltr' id='par_1_35' title="bbox 2228 2207 2320 2242">
     <span class='ocr_line' id='line_1_98' title="bbox 2228 2207 2320 2242; baseline -0.022 -6"><span class='ocrx_word' id='word_1_806' title='bbox 2228 2207 2320 2242; x_wconf 65' lang='lat'><strong>³⁵5</strong></span> 
     </span>
    </p>
   </div>
   <div class='ocr_carea' id='block_1_24' title="bbox 2228 2398 2320 2452">
    <p class='ocr_par' dir='ltr' id='par_1_36' title="bbox 2228 2398 2320 2452">
     <span class='ocr_line' id='line_1_99' title="bbox 2228 2398 2320 2452; baseline 0 -4"><span class='ocrx_word' id='word_1_807' title='bbox 2228 2398 2320 2452; x_wconf 71' lang='grc' dir='ltr'><strong>4οέ</strong></span> 
     </span>
    </p>
   </div>
   <div class='ocr_carea' id='block_1_25' title="bbox 2227 2630 2260 2658">
    <p class='ocr_par' dir='ltr' id='par_1_37' title="bbox 2227 2630 2260 2658">
     <span class='ocr_line' id='line_1_100' title="bbox 2227 2630 2260 2658; baseline 0.03 -1"><span class='ocrx_word' id='word_1_808' title='bbox 2227 2630 2260 2658; x_wconf 81' lang='grc'><strong>45</strong></span> 
     </span>
    </p>
   </div>
   <div class='ocr_carea' id='block_1_26' title="bbox 2227 2837 2262 2866">
    <p class='ocr_par' dir='ltr' id='par_1_38' title="bbox 2227 2837 2262 2866">
     <span class='ocr_line' id='line_1_101' title="bbox 2227 2837 2262 2866; baseline 0 -8"><span class='ocrx_word' id='word_1_809' title='bbox 2227 2837 2262 2866; x_wconf 77' lang='grc'><strong>50</strong></span> 
     </span>
    </p>
   </div>
  </div>
 </body>
</html>
