2320 3444
31 234 124 275 „ur
143 235 237 269 ηπ]

60 1265 139 1298 Hoc
162 1264 265 1298 etiam
287 1275 404 1298 mense
436 1265 550 1298 dictus
580 1265 687 1298 abbas
717 1265 827 1297 sancti
858 1264 1048 1298 Saluatoris
1070 1264 1267 1297 infirmitate
1291 1270 1473 1307 correptus
1496 1263 1594 1297 obiit.

8 1311 24 1327 '
60 1318 355 1362 archiepiscopus,
379 1319 566 1362 episcopus
589 1319 757 1363 Reginus,
779 1318 886 1351 iudex
907 1318 1075 1351 Taddeus
1097 1318 1142 1350 de
1166 1318 1292 1350 Suessa
1315 1323 1349 1350 et
1370 1318 1535 1361 magister
1556 1318 1753 1361 Roggerius
1775 1318 1902 1350 Porca-

8 1362 29 1414 ᾖ
59 1371 179 1405 atrella
201 1372 245 1405 de
268 1371 479 1405 Lombardia
500 1372 544 1405 ab
568 1372 780 1415 Imperatore
802 1371 848 1404 ad
869 1382 994 1414 papam
1017 1376 1102 1413 aput
1125 1370 1321 1413 Anagniam
1345 1371 1458 1403 nuntii
1471 1371 1617 1403 ueniunt
1632 1382 1695 1413 pro
1710 1381 1799 1413 pace
1813 1372 1904 1404 inter

23 1449 27 1453 <
60 1424 244 1458 ecclesiam
268 1430 303 1458 et
318 1425 498 1468 imperium
514 1425 757 1462 reformanda;
775 1435 853 1458 cum
869 1425 994 1468 quibus
1008 1434 1072 1467 pro
1087 1430 1186 1467 parte
1203 1424 1351 1457 ecclesie
1369 1424 1601 1457 Messanensis
1617 1424 1901 1467 archiepiscopus

10 1469 24 1508 ¹-
60 1478 107 1512 ad
129 1478 378 1522 Imperatorem
401 1478 561 1523 dirigitur
582 1478 792 1522 responsalis
814 1489 835 1512 a
856 1489 950 1521 papa
961 1478 984 1512 ⁵.

850 230 1126 266 CHRONICA

50 347 52 350 ,
64 359 256 393 Hem-icum
278 361 322 393 de
339 361 458 394 Morra
481 362 685 406 Magistrum
700 363 928 402 iustitiarium‚
945 369 979 396 et
994 373 1114 395 omnes
1129 361 1288 400 barones,
1307 366 1342 393 et
1356 360 1485 393 milites
1500 360 1700 393 infeudatos
1713 359 1742 396 ¹;
1758 369 1904 402 quorum

66 413 259 454 nonnullos,
282 415 377 447 iuxta
399 415 506 458 ipsius
528 417 724 449 mandatum
748 423 870 449 euntes
893 417 938 450 ad
960 417 1032 449 eius
1055 415 1256 458 obsequium
1272 413 1468 447 ciuitatibus
1483 424 1551 457 que
1567 419 1735 446 uenerant
1750 413 1796 446 ad
1810 423 1905 445 man-

23 473 50 505 3=
65 467 182 500 datum
205 477 304 500 suum
325 475 518 511 potestates
539 470 709 519 prefecitn
723 475 759 502 et
781 470 859 502 aliis
882 470 1076 502 custodiam
1099 468 1316 510 captiuorum
1340 468 1519 500 commisit.

154 519 277 553 Mense
300 521 388 553 Iunii
412 521 526 554 dictus
549 521 759 555 Acerramm
790 532 908 555 comes
937 528 972 554 et
1001 522 1174 554 Henricus
1205 521 1249 554 de
1280 521 1400 553 Morra
1429 520 1599 563 Magister
1627 519 1827 553 iustitiarius
1857 519 1903 551 ad

36 566 44 609 ᾖ
65 572 312 615 Imperatorem
335 574 372 606 in
394 574 640 608 Lombardiam
662 576 795 608 uadunt
818 586 896 608 cum
919 575 1084 607 militibus
1106 573 1224 617 Regni
1240 574 1408 606 decenter
1430 574 1559 616 paratis
1574 573 1610 604 in
1628 573 1735 615 equis,
1751 578 1786 605 et
1800 572 1904 604 armis

27 663 40 670 Δ,
64 631 100 659 et
121 635 201 658 cum
223 627 373 669 pecunia
396 628 441 660 de
464 627 590 671 Regno
613 628 771 661 collecta.

151 677 344 723 Gregorius
366 691 459 724 papa
481 681 612 714 Urbem
637 681 754 714 exiens
776 682 872 715 uenit
894 681 1091 725 Anagniam
1104 681 1126 713 ².

153 733 230 767 Hoc
251 743 368 766 mense
391 734 426 766 in
449 734 576 767 Casino
599 734 798 768 celebratur
820 735 961 773 electio,
986 740 1020 767 et
1049 734 1129 777 quia
1159 734 1194 766 in
1226 733 1391 777 eligendo
1423 733 1584 766 monachi
1615 733 1802 766 conuenire
1833 743 1902 765 non

62 791 233 829 poterant,
255 792 339 820 uota
359 798 421 820 sua
445 788 615 820 dederunt
637 798 757 820 omnes
778 788 814 819 in
838 787 1137 830 archiepiscopum
1168 786 1427 819 Messanensem
1440 786 1463 825 ³,
1493 792 1531 818 ut
1561 786 1635 828 ipse
1665 797 1769 819 unum
1800 797 1901 829 quem

27 854 44 888 '12
61 839 182 879 uellet,
206 841 250 873 de
273 841 405 883 gremio
429 846 618 873 assumeret
640 840 853 873 monasterii.

149 893 272 926 Mense
295 893 375 925 Iulii
397 893 580 926 Conradus
601 904 664 925 rex
686 892 774 925 filius
797 892 1019 935 Imperatoris
1042 898 1125 934 aput
1148 891 1324 924 Ueronam
1346 892 1444 924 uenit
1466 892 1511 924 ad
1534 898 1665 934 patrem
1697 903 1774 924 cum
1806 892 1902 934 prin-

61 946 197 990 cipibus
220 953 256 979 et
277 946 431 980 exercitu
454 946 610 989 copinam
635 956 713 978 cum
737 957 806 989 quo
830 957 867 978 se
891 946 1099 978 Cremonam
1123 945 1320 987 conferens,
1343 945 1425 977 iude
1450 945 1602 977 feliciter
1625 945 1659 976 in
1683 945 1900 978 obsidionem

18 1002 39 1051 ⁵.
61 999 185 1032 Brexie
208 999 425 1042 properauit:
449 1005 533 1041 aput
555 999 731 1033 Ueronam
755 999 858 1032 etiam
874 999 1074 1042 magistrum
1092 998 1213 1031 domus
1228 998 1499 1030 Teutonicorum
1514 998 1683 1030 infirmum
1699 999 1902 1031 redeuntem

34 1058 38 1067 ²
60 1053 106 1086 de
127 1053 282 1096 partibus
303 1052 534 1086 Ultramontis
555 1052 690 1095 recepit
714 1053 906 1095 Imperator
918 1051 940 1084 ⁴.

149 1106 227 1139 Hoc
249 1116 368 1139 mense
391 1106 501 1138 frater
516 1105 687 1138 Iohannes
703 1106 903 1148 Capuanus,
917 1104 1115 1139 Casinensis
1131 1105 1331 1143 monachus,
1345 1105 1382 1137 in
1399 1103 1559 1137 abbatem
1576 1105 1697 1138 Sancti
1714 1105 1902 1138 Salvatoris

61 1159 107 1192 de
129 1158 271 1192 Telesia
294 1169 357 1201 per
379 1169 507 1201 papam
530 1158 737 1202 Gregorium
761 1164 845 1202 aput
866 1158 1062 1202 Anagniam
1086 1163 1310 1191 consecratus
1333 1156 1411 1190 est.'

146 1212 271 1245 Mense
292 1211 440 1255 Augusti
462 1212 637 1245 Hem-icus
659 1213 704 1245 de
727 1212 847 1245 Morra
871 1211 1039 1255 Magister
1061 1211 1262 1244 iustitiarius
1284 1211 1376 1244 redit
1389 1211 1427 1244 in
1441 1211 1604 1255 Regnum
1620 1210 1665 1244 de
1680 1211 1901 1245 Lombardia.

1639 1264 1903 1297 Panormitanus

61 1790 93 1815 al
109 1789 236 1822 margine
255 1790 320 1814 Coei.
339 1803 372 1808 —
392 1789 462 1814 8-10.
481 1789 684 1815 monachi....

147 1531 320 1576 Magister
341 1531 466 1565 domus
489 1531 760 1564 Alamannorum
785 1531 967 1564 Salernum
989 1542 1027 1563 se
1050 1532 1190 1565 confert
1211 1541 1274 1573 pro
1297 1531 1443 1564 sanitate
1466 1531 1718 1573 recuperanda.

149 1584 270 1618 Mense
293 1584 510 1627 Septembris
533 1585 740 1627 Imperatrix
762 1583 808 1617 de
830 1584 1041 1618 Lombardia
1063 1584 1160 1617 uenit
1189 1584 1223 1616 in
1247 1584 1424 1629 Regnum,
1453 1590 1488 1617 et
1517 1590 1601 1627 aput
1623 1583 1769 1617 Adriam
1793 1585 1901 1629 elegit

8 1636 37 1687 '3
58 1638 152 1671 iussu
173 1638 396 1681 Imperatoris
418 1639 537 1671 facere
559 1638 744 1671 stationem
757 1637 779 1671 ⁸.

147 1753 173 1779 4.
192 1746 288 1771 Mense
307 1747 393 1771 Iunio
412 1747 582 1771 Acen-arum
599 1754 693 1772 eomes
711 1754 774 1772 cum
793 1747 935 1780 Magistro
954 1747 1118 1773 Iustltiario
1138 1747 1220 1772 vadIt
1240 1746 1317 1772 Uon-
1336 1756 1349 1772 e
1368 1748 1432 1772 Dm.
1450 1747 1495 1772 Rs
1515 1760 1545 1765 —-
1568 1752 1591 1778 7.
1604 1756 1650 1772 con
1663 1747 1793 1773 richiamo
1805 1748 1900 1773 scritto

703 1792 859 1815 assumeret
878 1791 1048 1815 monasterii
1067 1799 1114 1815 con
1132 1790 1261 1815 ricliiamo
1279 1790 1374 1814 scritto
1393 1789 1601 1815 nell’interlineo
1621 1799 1634 1814 e
1653 1792 1699 1815 nel
1721 1791 1847 1823 margine
1871 1791 1902 1815 di

60 1831 173 1857 sinistra
194 1832 273 1861 θοῶς
291 1833 361 1856 vota
380 1831 521 1857 dederunt
539 1833 570 1856 in
584 1832 840 1865 Archiepiscopum
859 1832 934 1858 Uen.
954 1841 967 1857 ι
987 1834 1049 1857 Dm.
1067 1832 1113 1856 Ra.
1133 1846 1164 1850 —
1187 1839 1228 1857 12.
1248 1832 1398 1857 conferens
1415 1832 1575 1857 infeliciter
1594 1833 1669 1857 UOE.
1689 1846 1722 1851 —
1744 1833 1785 1857 16.
1805 1841 1901 1858 conse-

61 1876 156 1900 cratus
173 1877 225 1904 est,
243 1875 290 1906 qui
312 1881 406 1899 mense
424 1875 556 1906 Augusto
569 1874 737 1900 infirmitate
755 1877 904 1907 correptus
922 1875 996 1899 obiit
1015 1875 1078 1900 Dar.
1096 1875 1141 1899 Ra:
1160 1888 1193 1892 —-
1215 1880 1254 1906 17.
1273 1875 1369 1899 Mense
1388 1875 1485 1899 eodem
1505 1875 1672 1907 Augusto..
1684 1893 1708 1900 ..

6 1923 16 1953 5
60 1916 94 1942 de
112 1917 287 1942 Lombardla
305 1916 380 1941 redit
400 1917 430 1941 in
449 1924 566 1949 regnum
587 1916 672 1946 Uel-1„
691 1917 754 1942 Dar.
772 1917 817 1941 Ra
835 1926 849 1942 e
868 1917 965 1942 Paarz
985 1930 1018 1935 —
1039 1916 1080 1942 18.
1098 1917 1160 1942 Hoc
1179 1917 1320 1942 etiam...

146 2000 153 2016 ¹
175 2001 212 2026 Di
232 2002 330 2033 questa
350 2001 493 2026 chiamata
512 2002 543 2026 di
568 2002 638 2026 tutti
659 2003 668 2026 i
693 2001 796 2027 baroni
821 2009 836 2026 e
862 2002 952 2026 militi

56 2051 106 2078 per
124 2044 298 2068 combattere
316 2043 557 2075 coii’imperatore
577 2045 606 2068 in
621 2044 795 2069 Lombardia
809 2046 882 2069 resta
896 2052 952 2068 una

1 2094 25 2116 ':
57 2086 233 2118 importante
252 2086 475 2110 testimonianza
499 2086 550 2110 che
572 2084 587 2111 e
612 2087 682 2111 bene
706 2086 734 2111 di
761 2087 884 2111 riferire.
920 2086 950 2111 Si

6 2126 23 2135 “
57 2129 146 2153 tratta
165 2128 210 2152 del
231 2129 403 2152 testamento
425 2128 498 2152 fatto
519 2128 595 2153 nella
615 2135 665 2153 sua
683 2127 754 2153 cittii
770 2127 790 2153 il
805 2134 819 2161 7
834 2129 867 2157 V,
884 2127 952 2159 1238

57 2170 104 2196 dal
124 2171 217 2195 milite
236 2169 368 2194 Roffredo
387 2170 432 2195 del
446 2171 554 2200 Monte,
568 2170 695 2196 abitante
714 2171 746 2196 in
758 2170 785 2196 S.
800 2170 952 2201 Germano,

53 2213 108 2244 che
126 2213 237 2238 andava
258 2214 287 2237 in
309 2212 321 2225 ⁸
333 2212 536 2238 Lombardlam
547 2231 560 2244 „
583 2220 598 2238 a
617 2213 740 2238 servizio
760 2213 951 2246 dell'impera-

6 2259 15 2282 ί
57 2257 120 2280 tore
137 2263 153 2280 e
166 2256 223 2288 agli
238 2255 338 2280 ordini
353 2255 383 2280 di
397 2254 551 2280 Tommaso
565 2256 723 2288 d'Aquino,
738 2257 822 2280 conte
835 2256 951 2280 d'Acer-

6 2319 17 2328 ,,
58 2305 96 2322 ra.
133 2297 215 2323 Oltre
235 2297 262 2321 ai
282 2297 426 2322 numerosi
445 2297 587 2322 immobili
608 2297 720 2322 lasciati
741 2298 769 2322 al
789 2299 951 2322 monastero

3 2330 24 2371 ].,-
57 2339 86 2364 di
105 2339 318 2364 Montecassino
337 2347 352 2363 e
371 2339 406 2363 ad
426 2339 498 2364 altre
516 2339 616 2371 chiese,
636 2340 696 2364 aila
709 2341 815 2373 moglie
828 2347 842 2364 e
856 2341 882 2364 ai
903 2347 952 2372 pa-

3 2380 25 2416 ..s
57 2382 142 2413 renti,
162 2381 296 2406 notevole
315 2379 330 2406 ὲ
356 2381 377 2405 ii
402 2381 517 2406 rIcordo
543 2381 572 2406 di
598 2382 696 2407 alcuni
720 2383 831 2415 oggetti
857 2389 951 2415 perso·

2 2431 26 2452 ,w
58 2424 128 2453 nali,
153 2423 198 2449 fra
221 2425 267 2449 cui
294 2424 398 2456 cinque
423 2424 503 2448 scudl
529 2422 608 2453 (eloe,
634 2424 662 2448 la
688 2426 785 2449 nostra
811 2425 915 2457 “targa
926 2442 951 2457 n·

56 2466 145 2491 teudo
162 2465 271 2499 grande
290 2465 335 2490 del
356 2465 450 2490 medio
469 2465 542 2497 evo),
556 2473 592 2490 un
606 2466 723 2491 boccale
736 2466 766 2491 dl
779 2465 880 2499 cipro,
895 2473 951 2490 una

11 2506 29 2526 3
57 2508 149 2533 coltre
167 2508 196 2533 di
215 2515 308 2542 penne
327 2515 342 2532 e
360 2507 519 2540 guanciale.
556 2508 620 2540 Egit
633 2508 712 2541 paria
726 2508 814 2533 anche
827 2509 855 2533 di
870 2509 950 2540 armi,

0 2551 33 2579 ’ζ’-’-
57 2548 120 2576 eloe
140 2550 323 2583 “arbergora.
343 2557 474 2582 panzere.
494 2550 619 2583 corrigia
644 2550 678 2576 de
703 2552 795 2576 serico
820 2559 882 2576 cum
910 2560 952 2576 ar-

0 2627 2 2629 ¹
22 2604 26 2610 ·
61 2592 180 2626 '‘genta.
198 2592 303 2625 callige
322 2593 356 2618 de
375 2593 485 2624 ferro„
504 2593 554 2617 che
573 2601 660 2618 erano
681 2593 734 2618 “in
748 2593 833 2618 domo
847 2601 907 2619 mea
921 2596 951 2619 in

3 2662 6 2663 ⁷
23 2642 27 2661 ἱ
60 2634 207 2668 “quodam
226 2635 314 2660 bariii
332 2636 434 2669 sigilio
455 2644 515 2661 meo
535 2636 707 2669 sigillato„;
727 2637 765 2661 cf.
785 2637 905 2670 Regesto
923 2638 954 2662 dn·

57 2678 210 2703 Tounuso
230 2679 347 2707 Decano,
367 2678 425 2708 cit„
448 2685 474 2711 p.
502 2677 535 2710 76
560 2684 576 2703 e
601 2685 641 2710 sg.
678 2678 716 2702 Di
742 2680 842 2711 questo
867 2681 951 2705 testa-

58 2721 164 2751 mento,
183 2721 368 2745 transnatato
388 2720 448 2752 agii
463 2727 493 2744 11
509 2719 582 2749 v111,
600 2721 666 2752 1248
685 2720 710 2745 si
723 2728 861 2746 conserva
873 2721 951 2747 l’ori—

57 2763 156 2796 ginsle
176 2762 206 2787 ln
226 2761 310 2795 Caps.
331 2761 511 2791 Lxxxvm.
532 2762 566 2788 G.
588 2770 606 2790 1.
626 2762 667 2787 26.

145 2803 157 2820 ¹
175 2805 246 2830 Pare
264 2806 307 2830 sia
325 2805 474 2830 ritornato
492 2806 527 2830 ad
549 2805 664 2837 Anagni
685 2806 764 2839 dopo
783 2806 805 2830 il
833 2813 866 2839 ²9
889 2808 951 2840 giu·

7 2845 26 2862 Τ
56 2853 129 2880 μοι
150 2845 209 2871 cosi
230 2853 316 2879 pensa
334 2846 355 2871 11
375 2847 541 2877 Ροττι-ιΑετ,
555 2847 574 2876 Ι,
589 2855 615 2879 p.
629 2846 695 2879 899³
711 2848 818 2872 mentre
831 2848 862 2873 F.
875 2848 951 2874 Gn-

1 2887 30 2922 ζ.
57 2895 214 2917 oonovms,
233 2892 274 2920 op.
287 2889 341 2918 cie„
360 2889 394 2918 V,
408 2897 434 2921 p.
449 2895 510 2919 ππ,
524 2896 611 2922 pensa
625 2890 667 2914 sia
681 2890 790 2921 partito
805 2891 850 2915 nei
864 2891 951 2923 primi

2 2921 23 2951 “’5
58 2930 104 2955 dei
124 2930 227 2963 luglio.

146 2969 158 2987 ¹
177 2963 198 2996 ὲ
216 2973 286 2997 bene
305 2972 449 2998 ricordare
471 2973 522 2998 che
542 2974 746 2998 i'arcivescovo
771 2974 798 2998 di
825 2974 951 2999 Messlna

19 3010 28 3016 “
58 3019 105 3039 era
123 3013 233 3044 Laudo.
253 3014 397 3040 familiare
416 3016 446 3040 di
465 3015 600 3040 Federico
620 3015 645 3039 11
667 3022 682 3039 e
707 3016 760 3040 ben
787 3017 896 3041 accetto
921 3017 949 3041 al

1728 1876 1901 1900 iustitiarius

1330 1936 1336 1942 .
1356 1917 1432 1942 obiit
1450 1925 1543 1942 manca
1562 1917 1638 1942 Uen.
1657 1926 1671 1941 e
1689 1917 1753 1942 Dar.
1773 1917 1817 1941 Ra.

1006 2009 1079 2034 papa
1098 2009 1196 2034 presso
1215 2002 1238 2026 il
1258 2002 1341 2033 quale
1359 2001 1451 2026 allora
1477 2003 1499 2025 si
1527 2004 1660 2031 trovavag
1685 2002 1851 2031 PorrHAsr‚
1872 2010 1898 2027 n.

1009 2049 1107 2077 10479;
1127 2044 1322 2074 Romanasne,
1341 2047 1381 2075 op.
1406 2044 1460 2075 cit„
1481 2051 1527 2077 pp.
1546 2043 1606 2076 614,
1629 2050 1668 2075 15.
1707 2043 1809 2068 Vedasi
1831 2052 1899 2076 pure

1005 2087 1038 2111 R.
1058 2087 1085 2110 ai
1106 2087 1175 2111 mesi
1195 2086 1224 2111 di
1246 2088 1347 2118 agusto
1366 2093 1381 2111 e
1401 2086 1562 2111 novembre.

1092 2127 1103 2144 ⁴
1120 2128 1220 2153 Anche
1239 2130 1288 2160 qui
1308 2128 1342 2153 R.
1363 2136 1422 2153 non
1441 2127 1456 2153 ὲ
1469 2130 1571 2153 esatto.
1597 2127 1726 2153 Corrado
1741 2128 1899 2153 s'incontro

1004 2171 1049 2196 col
1070 2172 1157 2204 padre
1176 2178 1192 2195 a
1211 2171 1326 2195 Verona
1346 2171 1422 2204 negii
1443 2171 1539 2195 ultimi
1560 2172 1589 2195 di
1611 2171 1720 2203 luglio:
1749 2171 1899 2196 “Exeunte

1006 2213 1019 2226 “
1030 2215 1125 2238 autem
1146 2221 1239 2238 mense
1258 2214 1335 2238 iunii
1353 2221 1402 2238 rex
1422 2213 1569 2239 Conradus
1583 2213 1658 2238 filius
1672 2215 1852 2246 imperatoris
1866 2214 1900 2238 ab

1005 2257 1018 2270 ¹‘
1028 2256 1185 2281 Alamania
1202 2263 1265 2281 cum
1280 2264 1382 2289 magna
1397 2258 1424 2281 et
1437 2256 1605 2281 honorabili
1619 2255 1745 2280 militum
1760 2257 1900 2281 comitiva

1006 2299 1019 2311 “
1029 2297 1173 2323 Veronam
1193 2299 1322 2323 accessit.
1349 2299 1460 2323 Interea
1474 2300 1554 2332 pater
1567 2299 1628 2322 eius
1641 2298 1671 2322 in
1687 2306 1788 2330 campo
1802 2297 1898 2323 Sancti

1006 2341 1019 2354 ‘⁴
1030 2341 1162 2366 Danielis
1174 2340 1283 2373 (presso
1296 2340 1458 2374 Peschiera)
1473 2341 1546 2374 apud
1561 2342 1651 2373 ipsam
1662 2341 1807 2366 civitatem
1820 2349 1899 2365 suum

1004 2383 1187 2408 “exercitum
1206 2383 1435 2416 congregavit„;
1460 2383 1496 2408 cf.
1521 2384 1641 2408 Annales
1667 2384 1827 2412 Placentini,
1853 2384 1899 2407 cit.

1004 2426 1038 2450 ad
1059 2433 1083 2451 a.
1121 2426 1266 2451 L’assedio
1292 2426 1323 2451 di
1349 2427 1462 2450 Brescia
1487 2425 1633 2451 comincio
1660 2426 1713 2450 1’11
1740 2426 1834 2457 luglio
1859 2433 1899 2450 se-

1004 2469 1096 2493 condo
1115 2468 1226 2493 IAcopo
1244 2468 1408 2497 ΜΑΙΝΕΖΖΙ,
1430 2469 1577 2494 Chronicon
1598 2469 1754 2493 Brixianam
1767 2469 1800 2493 ab
1814 2468 1900 2500 origi-

1005 2519 1037 2535 ne
1056 2510 1130 2535 urbis
1149 2519 1228 2543 usque
1247 2511 1285 2536 ad
1301 2519 1399 2536 annum
1424 2519 1498 2542 1332,
1518 2511 1550 2535 in
1570 2510 1741 2539 MURAToRI.
1768 2511 1833 2535 RR.
1861 2511 1899 2534 ll.

1007 2553 1067 2584 SS„
1086 2552 1161 2582 XIV,
1182 2553 1236 2577 col.
1255 2560 1317 2586 9¹4.

1092 2593 1103 2610 ⁶
1123 2594 1342 2620 L’arcivescovo
1362 2595 1390 2619 di
1410 2595 1535 2620 Messina
1554 2595 1669 2620 sarebbe
1683 2595 1790 2626 partito
1803 2595 1899 2619 conia

1005 2637 1174 2670 responsiva
1194 2637 1239 2662 del
1259 2645 1332 2671 papa
1352 2638 1398 2662 nei
1419 2638 1502 2670 primi
1519 2638 1616 2669 giorni
1630 2637 1761 2668 d'agosto
1775 2637 1899 2661 secondo

1004 2679 1140 2710 Boinasa,
1162 2687 1188 2703 n.
1204 2685 1273 2712 2374
1284 2689 1308 2704 a.
1339 2680 1364 2704 A
1379 2679 1470 2704 Roma
1484 2680 1541 2712 egli
1557 2680 1581 2704 si
1595 2678 1679 2704 trovb
1694 2680 1715 2703 il
1730 2678 1763 2703 28
1777 2678 1810 2708 X,
1825 2679 1899 2703 dove

1006 2722 1035 2746 su
1050 2729 1065 2746 a
1079 2722 1208 2746 trovario
1227 2720 1394 2754 Guglieimo
1409 2722 1437 2746 di
1453 2721 1559 2752 Tocco,
1579 2729 1631 2754 per
1649 2721 1776 2746 sentlrne
1796 2721 1817 2745 ll
1832 2728 1898 2744 con-

1004 2764 1093 2796 siglio
1106 2772 1154 2798 per
1165 2764 1267 2789 ordine
1281 2764 1537 2796 deii’imperatore;
1551 2764 1587 2789 cf.
1601 2762 1897 2788 Humano-Butam.-

1006 2813 1063 2838 ηε,
1086 2807 1119 2837 V,
1139 2812 1191 2839 250
1209 2815 1223 2831 e
1243 2814 1297 2838 sg.;
1318 2807 1453 2835 ΒόιιΜκκ,
1474 2815 1501 2830 n.
1522 2813 1599 2838 240¹·

1091 2847 1103 2865 ⁶
1123 2850 1214 2874 Adria
1232 2856 1282 2883 per
1302 2850 1422 2880 Andria,
1449 2847 1521 2874 citt&
1542 2850 1658 2873 rimasta
1679 2855 1787 2880 sempre
1809 2848 1899 2872 fedele

1003 2891 1237 2925 ali’imperatore.
1276 2892 1306 2916 In
1327 2892 1390 2924 quel
1409 2891 1525 2916 castello
1552 2891 1718 2923 ottagonale
1744 2890 1766 2915 11
1793 2895 1823 2921 25
1850 2890 1902 2921 IV,‘

1007 2933 1082 2963 1228.
1102 2941 1182 2959 come
1207 2934 1270 2958 dice
1288 2933 1332 2963 R..
1351 2941 1398 2958 era
1418 2935 1486 2958 nato
1506 2932 1637 2958 Corrado
1657 2933 1694 2957 1v
1715 2934 1750 2957 da
1768 2932 1898 2961 isabella,

1004 2975 1082 3008 tigna
1110 2977 1139 3001 di
1169 2975 1320 3001 Giovanni
1346 2977 1376 3001 dl
1403 2977 1533 3007 Brienne,
1559 2977 1652 3000 morta
1679 2977 1706 2999 in
1731 2976 1844 3006 seguito
1871 2975 1896 2999 ai

1004 3019 1087 3050 parto
1107 3026 1121 3042 e
1140 3019 1251 3050 sepoita
1273 3019 1301 3042 in
1320 3018 1414 3050 quella
1441 3018 1614 3045 cattedrale:
1635 3017 1670 3042 cs.
1697 3025 1723 3049 p.
1753 3022 1802 3048 150
1828 3025 1854 3041 n.
1874 3022 1897 3048 7.

1927 2177 1959 2204 35

1928 2392 1962 2417 40

1928 2601 1959 2626 45

1927 2813 1961 2839 50

1927 3021 1958 3047 55

1830 226 1898 267 197
1913 238 1988 262 Mun..
2004 243 2037 258 cc.
2054 243 2140 262 ιο39-4ο

1989 1228 2009 1242 c.
2023 1228 2073 1247 ur
