2320 3444
156 234 231 259 Mun„
246 241 267 257 e.
281 235 321 259 99⁶
367 223 436 258 108

345 354 476 398 possit?
502 353 582 386 Non
599 362 676 384 eum
693 351 803 382 solum
821 349 857 381 in
872 349 1000 381 Sancto
1017 347 1190 380 Germano

344 418 530 450 procurare
555 415 615 437 eos
639 402 791 445 oportuit
814 401 1032 433 sufficienter
1062 399 1192 442 pariter

345 468 379 494 et
400 460 574 496 habunde,
597 468 715 489 uerum
741 454 833 497 apud
851 455 972 486 Soram
988 458 1024 485 et
1040 458 1190 485 montem

345 513 465 547 Sancti
489 511 652 544 Iohannis
684 509 893 540 correndum
926 507 1072 538 mictere
1103 516 1191 547 opus

344 567 418 599 fuit.
464 566 511 596 At
536 565 740 605 Imperator,
763 566 909 603 accepta
933 571 1021 603 pape
1048 559 1191 592 licentia

343 626 378 652 et
402 617 640 653 cardinalium,
672 616 792 648 Soram
823 615 920 646 uenit
950 619 984 646 et
1014 613 1097 645 inde
1128 623 1191 655 per

343 673 467 704 uallem
489 670 656 702 Soranam
682 667 873 701 Celanum¹
898 678 934 699 se
958 666 1115 704 contulit,
1131 666 1190 699 ubi

343 726 387 758 ad
403 735 439 756 se
465 724 596 756 dictam
613 722 829 759 comitissam,
848 730 914 764 que
930 720 1047 752 adhuc
1062 720 1099 751 in
1115 729 1191 751 roc-

343 790 384 812 ca
414 776 603 820 Magenulfi
633 780 853 813 remanserat,
883 784 920 806 se
944 774 1070 806 reddat
1094 773 1189 805 dicto

343 833 552 865 Acerrarum
592 829 709 861 comiti
744 829 840 860 salua
874 837 1023 869 persona
1060 837 1121 858 sua
1155 832 1190 858 et

344 896 462 918 eorum
486 884 544 926 qui
568 894 686 916 secum
711 887 821 920 erant,
854 892 931 913 cum
963 880 1031 913 filio
1062 890 1124 912 suo
1155 885 1189 912 et

344 938 413 970 suis
445 938 504 981 qui
534 942 633 968 erant
663 946 781 968 secum
805 934 928 966 uenire
950 933 1057 966 iubet.
1087 933 1189 965 Tunc

343 992 534 1034 Imperator
568 989 693 1022 collem
729 987 849 1020 Sancti
879 986 1036 1019 Flauiani
1065 986 1191 1018 muniri

342 1046 438 1079 iubet
460 1044 607 1076 mictens
631 1043 764 1086 legatos
787 1042 833 1073 ad
856 1040 1018 1073 comitem
1043 1039 1189 1077 Molisii3

343 1106 396 1132 set
420 1109 499 1131 cum
523 1107 592 1129 non
616 1101 734 1138 posset
757 1095 831 1127 fieri
848 1094 1067 1136 compositio,
1083 1093 1190 1125 comi-

343 1153 427 1185 tissa
451 1157 490 1183 etv
507 1150 575 1182 suis
590 1149 652 1181 sub
669 1147 826 1181 custodia
849 1147 995 1179 Henrici
1011 1147 1055 1179 de
1071 1146 1191 1179 Morra

344 1217 403 1238 sue
427 1204 532 1237 Curie
556 1203 716 1245 Magistri
740 1199 938 1233 iustitiarii²
954 1200 1102 1238 relictis,
1126 1200 1192 1231 Im-

344 1263 484 1301 perator
506 1258 541 1288 in
565 1255 720 1289 Siciliam
743 1254 849 1286 rediit
880 1253 1080 1295 cele[riter].
1125 1252 1193 1286 Ce-

345 1322 420 1344 sare
443 1311 561 1353 itaque
585 1309 785 1347 recedente,
810 1308 891 1340 dum
915 1307 1031 1339 adhuc
1048 1312 1140 1339 esset
1156 1307 1192 1339 in

346 1366 500 1408 partibus
522 1363 661 1406 Apulie,
677 1362 852 1394 mediante
869 1361 1030 1393 Romana
1046 1361 1142 1393 curia
1158 1366 1194 1393 et

346 1419 509 1463 magistro
533 1418 654 1449 domus
676 1415 948 1448 Teutonicorum
965 1415 1193 1456 compositum

346 1479 398 1506 est
419 1472 508 1505 inter
531 1471 779 1513 Imperatorem
803 1474 838 1501 et
860 1468 1031 1507 comitem,
1054 1468 1111 1500 cui
1135 1478 1193 1500 co-

346 1527 485 1560 mitatus
500 1524 631 1557 Molisii
645 1528 843 1555 reseruatur
859 1533 902 1554 ex
917 1528 1021 1564 pacto
1038 1527 1073 1554 et
1096 1521 1192 1554 dicto

346 1579 512 1623 Magistro
528 1577 707 1610 iustitiario
723 1575 908 1619 resignatis
923 1575 1055 1608 Celano
1072 1580 1108 1608 et
1119 1575 1194 1607 aliis

347 1631 602 1665 munitionibus.
625 1631 751 1664 Comes
773 1631 850 1673 ipse
867 1636 901 1662 et
918 1640 1003 1662 uxor
1019 1630 1093 1662 eius
1116 1639 1193 1661 cum

346 1687 426 1719 filiis
441 1692 476 1718 et
490 1685 560 1718 suis
575 1685 634 1727 qui
652 1694 712 1716 eos
727 1684 825 1727 sequi
849 1684 1047 1723 uoluerunt,
1062 1688 1097 1715 et
1113 1693 1192 1715 cum

346 1741 449 1773 rebus
464 1740 533 1772 suis
548 1739 732 1772 mobilibus
743 1739 806 1770 sub
819 1748 941 1771 securo
954 1738 1083 1770 ducatu
1093 1737 1193 1770 unius

347 1794 533 1827 cardinalis
556 1793 615 1835 qui
636 1803 657 1824 a
679 1802 771 1835 papa
786 1792 910 1824 missus
925 1797 987 1830 est,
1002 1791 1047 1823 ad
1063 1790 1193 1823 Urbem

346 1848 455 1886 uadit,
471 1847 516 1879 ad
538 1856 639 1889 quam
654 1856 748 1888 papa
763 1846 915 1878 redierat
926 1844 949 1878 ³.
995 1844 1133 1877 Deinde
1156 1844 1194 1876 in

346 1901 572 1943 Campaniam
594 1900 699 1939 uenit,
722 1900 840 1943 ibique
871 1910 936 1942 per
965 1909 1103 1932 menses
1132 1899 1193 1932 ali-

347 1960 430 1996 quot
453 1964 584 1986 moram
607 1954 747 1986 trahens
770 1964 847 1986 cum
871 1954 1027 1986 Iohanne
1045 1953 1088 1985 de
1104 1953 1193 1985 Cec-

349 2018 436 2040 cano
458 2007 589 2040 sororio
612 2018 684 2049 suo,
709 2008 790 2051 quia
806 2007 997 2039 iuramento
1013 2007 1195 2039 tenebatur

436 2122 460 2146 9.
486 2115 606 2139 reddant
633 2116 696 2140 Cod.
726 2127 756 2132 -
785 2119 824 2146 15.
850 2116 943 2147 possei
971 2114 1066 2139 Gaun.
1093 2127 1123 2132 —-
1151 2120 1193 2146 ²3·

350 2158 552 2187 MQCC⁰XX11⁰
572 2161 617 2184 nel
634 2160 760 2191 margine
778 2167 857 2184 verso
875 2160 899 2184 il
915 2167 940 2184 r.
959 2167 991 2190 13

437 2411 445 2428 1
465 2411 490 2434 Α
509 2410 579 2435 Sora
599 2411 792 2443 l'imperatore
813 2412 844 2436 fu
863 2412 885 2436 11
908 2411 1005 2444 19111;
1020 2411 1055 2436 cf.
1076 2411 1243 2436 Humum>-

350 2452 528 2483 Batnomstcs,
546 2453 580 2481 ΙΙ,
600 2461 626 2485 p.
646 2460 714 2485 3493
733 2453 871 2484 ΒὸιίΜΕιι,
893 2462 920 2478 n.
937 2461 1013 2485 1414.
1044 2453 1192 2478 L’assedio
1212 2453 1243 2477 di

350 2493 458 2519 Celano
473 2495 550 2520 forse
563 2495 594 2519 su
607 2496 784 2520 cominclato
798 2496 875 2528 dopo
890 2496 911 2520 il
927 2503 957 2521 21
973 2496 1051 2520 dello
1066 2497 1155 2520 stesso
1170 2502 1243 2519 mese

349 2537 377 2560 di
398 2545 502 2561 marzo.

437 2578 447 2594 ²
466 2579 507 2604 La
527 2577 577 2612 piu
603 2582 698 2604 antica
725 2581 834 2605 notizia
860 2581 889 2605 di
915 2581 1022 2605 Enrico
1048 2581 1084 2605 da
1109 2580 1207 2604 Morrs.
1227 2586 1245 2603 o

349 2622 396 2645 De
418 2622 554 2650 Murro,
574 2630 652 2646 come
678 2624 801 2647 maestro
821 2623 990 2654 glustlziere
1009 2624 1032 2647 si
1052 2623 1089 2647 ha
1108 2623 1139 2647 ln
1160 2622 1244 2646 docu-

349 2666 445 2689 mento
466 2665 512 2688 del
533 2671 565 2695 ²4
585 2665 632 2694 VI,
654 2671 729 2694 1221,
749 2667 934 2690 transnatato
949 2666 994 2690 nel
1013 2664 1243 2697 12713cs.HU1L-

348 2706 617 2738 LAnn-anuoLLEs,
636 2707 671 2736 ΙΙ,
692 2715 718 2740 p.
737 2707 803 2740 936;
824 2709 961 2738 Beuum,
982 2716 1008 2732 n.
1031 2713 1106 2739 1347.

438 2750 447 2766 ³
466 2750 504 2774 Dl
524 2752 624 2781 questo
643 2751 764 2775 accordo
785 2751 828 2775 fra
848 2751 1043 2783 l'imperatore
1062 2758 1077 2776 e
1089 2749 1244 2775 Tommaso

348 2791 374 2815 di
395 2791 509 2821 Celano‚
529 2792 603 2816 fatto
623 2800 671 2826 per
692 2794 858 2818 intervente
873 2794 917 2817 del
938 2801 1022 2826 papa,
1042 2793 1076 2818 R.
1096 2793 1122 2817 cl
1142 2791 1178 2817 da
1191 2792 1245 2816 due

348 2834 479 2866 rapportl
498 2834 639 2859 differenti
660 2835 735 2859 nelle
755 2836 807 2859 due
827 2835 976 2860 redazioni
1004 2835 1079 2860 della
1105 2834 1245 2859 Cronaca.

348 2875 371 2899 Il
391 2877 464 2900 testo
487 2876 678 2901 dell’accordo
700 2877 745 2901 nel
759 2878 842 2909 quale
857 2885 906 2910 per
920 2877 1116 2910 l'imperatore
1130 2877 1159 2901 fu
1173 2884 1243 2909 gran

350 2918 428 2948 parte
448 2917 590 2942 Ermanno
611 2918 638 2942 di
659 2918 744 2947 Sastz,
760 2920 884 2944 maestro
899 2920 943 2943 dei
959 2918 1106 2944 Cavalieri
1121 2919 1245 2944 dell’Or-

354 2958 420 2982 dine
439 2959 608 2988 Teutonico,
629 2960 704 2984 colla
723 2961 790 2985 data
815 2962 860 2985 del
887 2966 919 2993 25
943 2961 989 2992 1v,
1019 2967 1095 2992 1223,
1113 2961 1139 2985 si
1158 2961 1195 2985 ha
1214 2961 1243 2984 in

293 3005 326 3022 20
354 3000 699 3032 Humrffln-Bmtaorms,
713 3003 746 3032 11,
760 3011 807 3035 pp.
823 3009 872 3035 357
886 3010 901 3028 e
921 3010 961 3035 sg.
980 3003 1027 3027 dal
1041 3003 1111 3036 Reg.
1125 3003 1182 3027 vol.
1196 3003 1245 3034 IV,

293 2587 323 2604 10

293 2797 322 2822 15

2027 216 2079 252 [A.
2099 216 2196 254 1223]

821 215 1097 253 RYCCARDI
1125 215 1196 250 DE
1223 213 1432 249 SANCTO
1464 211 1731 248 GERMANO

1351 343 1556 386 Imperatori
1578 354 1614 375 se
1638 343 1812 376 redderet.
1858 342 1920 376 Set
1935 353 2012 376 cum
2027 342 2093 376 hoc
2110 343 2202 386 opti-

1350 408 1433 429 nere
1468 407 1537 429 non
1569 401 1696 438 posset,
1727 396 1854 428 muniri
1885 396 2015 438 optime
2043 395 2138 429 iubet
2167 401 2202 430 et

1350 451 1515 483 custodiri
1540 449 1666 482 collem
1690 447 1809 481 Sancti
1833 449 2004 488 Flauiani,
2020 455 2056 481 et
2069 449 2144 492 ipse
2161 459 2199 482 se

1349 503 1386 535 in
1409 503 1571 545 Apuliam
1595 502 1736 534 confert
1758 501 1884 534 exinde
1907 502 1945 534 in
1968 502 2124 535 Siciliam
2150 513 2201 535 re-

1350 557 1496 595 diturus,
1519 555 1652 588 relictis
1675 561 1757 587 tunc
1781 555 1817 587 in
1842 566 1962 588 manus
1985 555 2131 589 Henrici
2154 557 2198 590 de

1351 610 1472 642 Morra
1505 608 1666 651 Magistri
1700 607 1875 640 iustitiarii
1913 609 2091 642 comitissa
2122 620 2202 652 pre-

1351 663 1444 696 dicta
1469 669 1503 695 et
1520 662 1590 694 filio
1608 662 1690 694 eius.
1736 661 1819 694 Post
1834 661 2021 695 discessum
2035 673 2118 696 vero
2134 663 2202 696 Im-
2273 693 2283 701 „

1350 717 1521 759 peratoris
1554 716 1631 758 ipso
1665 721 1791 759 agente
1830 716 1944 748 adhuc
1981 716 2078 749 circa
2114 717 2200 751 fines

1350 770 1488 813 Apulie,
1511 770 1602 802 inter
1623 770 1788 802 Cesarem
1815 775 1848 803 et
1872 770 2035 803 comitem
2064 769 2280 823 ΜοΙὶεἰίΜΨ

1350 824 1577 866 compositum
1601 829 1653 856 est
1675 823 1851 856 mediante
1875 823 2036 856 Romana
2050 819 2284 872 ecclesiarff

1351 878 1387 910 in
1410 879 1502 910 hunc
1526 876 1682 912 modum:
1708 876 1816 915 Quod
1830 877 1906 920 ipse
1923 887 2041 910 comes
2054 883 2232 910 securus‘·
2268 905 2270 907 ,

1352 943 1430 965 cum
1464 931 1566 964 rebus
1597 936 1632 963 et
1662 931 1832 973 personis,
1863 941 1932 973 que
1962 930 2075 973 ipsum
2103 930 2274 982 sequilfss

1349 985 1534 1022 noluerint,
1557 984 1723 1027 Regnum
1739 983 1861 1022 exibit,
1885 984 2030 1026 celano,
2047 982 2200 1019 obinolo

1352 1044 1387 1070 et
1409 1037 1486 1070 aliis
1502 1047 1568 1080 que
1591 1037 1745 1076 tenebat,
1767 1049 1833 1080 pro
1856 1037 1985 1070 Cesare
2008 1037 2202 1082 resignatis,

1351 1097 1387 1124 et
1409 1091 1587 1124 comitisse
1610 1090 1710 1123 uxori
1734 1091 1808 1123 eius
1831 1091 2015 1124 comitatus
2044 1096 2096 1124 est
2125 1090 2203 1125 Μο-

1351 1144 1418 1177 lisii
1453 1151 1648 1178 reseruatus
1684 1155 1727 1179 ex
1759 1151 1874 1188 pacto.
1920 1145 2023 1184 Tunc
2057 1145 2126 1179 hiis
2153 1145 2203 1179 ita

1352 1199 1467 1241 gestis,
1492 1198 1604 1231 dictus
1626 1209 1744 1232 comes
1760 1209 1838 1231 cum
1855 1199 1926 1231 suis
1947 1200 1994 1231 ad
2016 1199 2150 1233 Urbem
2163 1209 2202 1233 se

1353 1251 1509 1290 contulit,
1534 1252 1709 1284 comitissa
1733 1252 1934 1285 comitatum
1957 1251 2088 1286 Molisii
2102 1263 2203 1286 rece-

1351 1306 1412 1348 pit,
1436 1306 1687 1339 Celanensibus
1702 1306 1906 1349 precipitur,
1921 1312 1960 1339 ut
1977 1312 2142 1340 exeuntes
2155 1305 2202 1340 de

1353 1359 1537 1392 domiciliis
1561 1370 1640 1392 cum
1662 1358 1963 1402 suppellectilibus
1986 1359 2067 1398 auis,
2083 1359 2202 1393 iacere

1352 1412 1389 1444 in
1414 1412 1580 1446 clausuris
1610 1413 1809 1446 habitacula
1840 1413 2019 1446 deberent.
2065 1412 2203 1452 Quibus

1353 1466 1568 1508 exeuntibus,
1591 1466 1759 1499 Celanum
1782 1472 1892 1500 totum
1915 1472 1966 1500 est
1988 1465 2140 1500 dirutum
2165 1471 2203 1500 et

1352 1518 1580 1558 combustum,
1612 1520 1687 1554 sola
1716 1521 1869 1554 ecclesia
1899 1520 2010 1554 sancti
2039 1519 2203 1555 Iohannis

1351 1573 1534 1615 superstite
1546 1579 1764 1612 remanorum
1777 1575 1897 1618 sicque
1909 1579 2039 1607 mutato
2049 1573 2201 1613 nomine,

1352 1637 1419 1670 que
1443 1626 1610 1660 Celanum
1634 1634 1738 1661 antea
1759 1629 1961 1668 uocabatur,
1985 1634 2038 1661 est
2052 1628 2202 1662 Cesarea

1352 1681 1572 1723 postmodum
1594 1682 1782 1724 appellata.
1826 1682 1931 1716 Unde
1955 1681 2102 1715 metrice
2123 1681 2201 1725 qui-

1353 1733 1432 1767 dam
1457 1735 1562 1768 dixit:

1258 826 1295 857 10

1259 1091 1296 1124 15

1256 1363 1298 1394 20

1256 1629 1297 1662 25

1380 1814 1484 1848 Uires
1507 1820 1540 1848 et
1561 1827 1678 1848 nomen
1703 1814 1862 1849 Celanum
1883 1816 2005 1860 perdit
2026 1820 2060 1848 et
2080 1826 2176 1849 omen

1256 1899 1299 1930 30
1441 1869 1574 1902 Fertur
1598 1869 1752 1914 Cesarea,
1777 1881 1918 1914 cesaque
1931 1870 2036 1915 sacta
2059 1879 2131 1902 rea.

1442 1950 1548 1983 Serra
1577 1961 1682 1994 super
1712 1951 1880 1985 Celanum
1905 1952 2072 1989 firmatur,
2095 1955 2131 1983 et
2154 1961 2242 1984 exn·
2269 1960 2276 1976 1

2214 1984 2271 2012 c*

1353 2009 1437 2036 tunc
1463 2003 1673 2038 Celanenses
1695 2017 1716 2037 a
1738 2005 1862 2038 finibus
1884 2004 2050 2048 propriis·
2074 2004 2204 2039 disces-

1440 2119 1490 2137 1-2.
1511 2113 1641 2138 obtinere
1659 2113 1735 2138 Uon.
1756 2128 1789 2132 —
1809 2119 1850 2144 27.
1865 2111 2028 2146 Att[amen]
2040 2112 2075 2138 de
2089 2104 2221 2138 Celano‘·
2248 2099 2274 2115 ’Δ
2318 2117 2319 2132 ³

1354 2158 1419 2182 solo
1438 2158 1580 2189 loquatur,
1601 2159 1646 2182 cui
1667 2160 1766 2191 postea
1786 2158 1906 2183 Cesarea
1926 2165 2030 2183 nomen
2048 2157 2200 2189 lndleltur,

1354 2202 1520 2233 disthicum,
1538 2203 1652 2227 ratione
1670 2203 1740 2227 licet
1759 2203 1807 2227 filo
1827 2203 1988 2233 deductum,
2006 2202 2109 2228 secun·
2120 2202 2199 2229 seut-

1354 2249 1398 2272 cet
1422 2247 1485 2272 illis
1505 2248 1770 2279 corrispondentem
1790 2248 1815 2272 si
1832 2249 1917 2280 legge
1939 2248 1970 2272 di
1987 2255 2064 2273 mano
2087 2248 2134 2272 del
2149 2255 2199 2274 uc.

1355 2291 1433 2317 XVI
1445 2293 1491 2317 nel
1507 2293 1632 2324 margine
1652 2293 1787 2323 inferiore
1805 2293 1852 2317 del
1870 2293 1933 2318 Cod.
2019 2291 2022 2295 “

1296 2416 1335 2434 cc.
1351 2414 1438 2441 ’ῖς-77,
1452 2416 1498 2434 an.
1512 2409 1574 2440 VII,
1588 2418 1614 2434 n.
1636 2415 1687 2442 ²30
1701 2410 1730 2434 di
1746 2409 1857 2434 Onorlo
1871 2409 1920 2434 111.
1946 2408 2079 2435 Secundo
2093 2410 2198 2442 questo

1298 2453 1430 2482 truttam,
1444 2452 1599 2476 Tommaso
1619 2453 1740 2476 avrebbe
1753 2452 1856 2477 ceduto
1870 2454 1878 2477 l
1892 2452 2007 2477 castelli
2019 2451 2095 2476 deun
2107 2451 2198 2477 Torre

1297 2494 1327 2518 di
1348 2493 1464 2525 Celano,
1480 2493 1561 2518 Serra
1576 2494 1606 2518 di
1620 2493 1740 2526 Celano,
1753 2494 1896 2519 Ovindoli
1916 2502 1930 2518 e
1943 2494 1970 2519 S.
1983 2493 2090 2518 Petito.
2127 2492 2198 2518 Rai-

1298 2535 1386 2560 naldo
1406 2535 1543 2560 d’Aversa
1570 2537 1690 2561 avrebbe
1714 2538 1887 2561 conservato
1912 2537 1939 2560 le
1965 2543 2012 2561 sue
2037 2537 2120 2561 terre.
2153 2535 2195 2562 si-

1297 2585 1365 2602 cura
1384 2577 1398 2602 ὲ
1418 2585 1468 2610 per
1487 2578 1529 2602 lui
1548 2585 1562 2602 e
1582 2579 1593 2602 l
1612 2580 1675 2603 suoi
1696 2579 1774 2604 eredi
1794 2579 1821 2604 la
1841 2578 2064 2603 conservazlone
2076 2578 2123 2603 del
2135 2577 2198 2604 Μο-

1297 2621 1351 2645 lise
1370 2620 1534 2645 coll’ufficio
1561 2621 1588 2645 di
1615 2622 1793 2654 giustiziere,
1814 2621 1895 2646 salvo
1920 2620 2148 2654 all‘lmperatore
2174 2620 2196 2645 11

1297 2662 1403 2687 diritto
1421 2662 1452 2687 di
1477 2663 1658 2695 distruggere
1684 2664 1823 2695 quaisIasi
1851 2663 1978 2687 fortezza
2004 2670 2019 2687 e
2044 2663 2073 2687 di
2099 2664 2198 2688 tenere

1299 2712 1382 2730 rocca
1411 2706 1521 2730 Boiano
1547 2705 1606 2730 fino
1632 2706 1659 2730 al
1685 2706 1799 2730 ritorno
1825 2705 1903 2730 dalla
1929 2704 2075 2731 Crociata.
2111 2704 2196 2730 Tom-

1299 2755 1376 2772 maso
1397 2747 1577 2781 s'obbligava
1597 2748 1631 2773 da
1651 2750 1732 2780 parte
1752 2756 1800 2773 sua
1819 2748 1854 2773 ad
1875 2748 2070 2773 allontanarsl
2089 2747 2138 2773 dal
2155 2754 2198 2772 re-
2260 2778 2261 2783 1

1297 2798 1356 2824 gno
1371 2798 1420 2823 per
1438 2793 1481 2816 tre
1501 2792 1581 2821 anni,
1599 2800 1614 2816 e
1633 2793 1744 2825 seguire
1763 2791 1910 2817 Giovanni
1932 2792 1962 2816 di
1983 2792 2105 2816 Brienne
2118 2798 2148 2816 re
2166 2790 2197 2816 dl
2245 2792 2254 2797 ⁶

1299 2833 1510 2859 Gerusalemme
1535 2834 1612 2859 nella
1638 2834 1780 2868 prosslma
1805 2833 1944 2859 Crociata
1964 2835 1995 2858 in
2015 2834 2197 2858 Terrassnts.

1299 2875 1405 2900 Perche
1425 2884 1482 2900 non
1503 2877 1526 2900 si
1547 2877 1661 2901 venisse
1679 2884 1762 2901 meno
1781 2877 1809 2901 al
1830 2876 2059 2901 mantenimento
2083 2875 2196 2900 deu’ac·

1299 2919 1387 2943 cordo
1400 2919 1527 2952 giurato,
1540 2919 1551 2943 i
1564 2919 1618 2944 due
1632 2920 1777 2952 rispettlvi
1797 2918 1859 2951 figll
1878 2920 1907 2944 di
1923 2919 1964 2943 lul
1979 2926 1993 2943 e
2007 2919 2036 2943 dl
2052 2917 2196 2943 Rainaldo
2242 2929 2270 2940 s
2313 2932 2315 2942 1

1299 2960 1439 2986 d'Aversa
1457 2963 1643 2986 rimanevano
1663 2962 1775 2994 ostsggi
1796 2961 1871 2985 nelle
1891 2962 1967 2985 mani
1995 2961 2025 2985 dl
2049 2960 2194 2985 Ermanno

1300 3003 1330 3027 dl
1349 3003 1437 3029 Saltz.
