2320 3444
171 241 250 266 Mun„
260 247 294 262 ce.
309 242 384 267 98³·84
413 229 461 265 32

356 2772 388 2789 10

361 2982 390 3008 ΣΞ

400 363 490 396 Iunii
512 362 641 395 electus
664 372 684 393 a
706 359 872 392 tratribus
887 356 1045 400 sequenti
1068 355 1148 388 Iulii
1169 355 1245 387 Ro-

401 427 454 449 me
478 415 571 457 apud
602 414 811 446 Lateranum
845 410 887 443 ab
918 408 1122 442 Innocentio
1153 418 1244 450 papa

400 479 520 501 munus
543 465 800 500 benedictionis
824 474 901 496 cum
925 464 1057 495 honore
1080 460 1243 503 suscepit.

401 521 491 554 Huic
513 531 617 552 rocca
640 519 766 551 Bantre
783 516 970 550 rebellauit
986 515 1042 547 cui
1057 515 1242 557 quemdam

401 574 604 607 monachum
628 577 789 614 nepotem
821 581 918 602 suum
951 567 1091 601 nomine
1123 566 1242 599 Senio-

402 625 555 660 rectum¹
579 626 798 668 prefecerat:
824 623 895 666 qui,
920 633 997 655 cum
1029 621 1168 654 incaute
1201 620 1245 652 de

401 691 505 713 rocca
531 679 607 722 ipsa
638 677 858 716 discendens,
890 675 1022 708 curiam
1054 680 1179 707 tenens
1208 673 1244 706 in

401 734 493 771 uilla,
517 731 712 765 hominibus
734 730 815 763 uille
843 729 910 762 hoc
942 727 1133 771 proditorie
1164 737 1245 769 pro-

402 785 609 823 curantibus,
632 794 772 817 roccam
795 783 906 825 ipsam
938 791 1007 814 non
1037 786 1089 813 est
1119 780 1244 813 amodo

400 842 529 873 intrare
540 838 735 881 permissus,
747 836 866 879 sicque
880 835 1011 867 inuitus
1022 845 1102 867 cum
1118 832 1245 865 rubore

401 892 578 930 discessit3
603 898 637 924 et
659 901 764 924 rocce
787 890 896 932 ipsius
919 888 1074 921 homines
1097 886 1245 919 rebelles

401 946 487 979 facti
504 945 653 978 ecclesie
676 942 859 976 Casinensi
874 952 1033 986 guerram
1050 941 1083 973 ei
1105 945 1246 972 mouent

402 1006 437 1032 et
466 1006 556 1032 terre
587 1008 659 1036 sue,
694 997 740 1030 ad
768 1007 870 1040 quam
904 1006 983 1028 cum
1013 995 1106 1027 idem
1136 992 1245 1026 abbas

400 1052 603 1095 simpliciter
638 1061 715 1083 cum
749 1049 871 1093 paucis
906 1048 1103 1087 accederet,
1135 1052 1173 1079 ut
1199 1047 1244 1078 ad

402 1116 495 1138 suam
508 1111 543 1138 et
554 1104 703 1137 ecclesie
716 1103 916 1136 fidelitatem
933 1100 1124 1138 reddirent‚
1138 1110 1243 1143 prece

402 1159 458 1192 uel
480 1159 592 1201 pretio
617 1157 772 1190 obtinere
795 1155 961 1199 nequiuit.

489 1263 702 1307 [M⁰CC⁰X⁰].
725 1263 847 1295 Dictus
857 1262 1047 1304 imperator
1059 1260 1211 1302 [tractus]
1224 1270 1245 1291 a

403 1318 579 1361 Diopuldo
595 1323 631 1350 et
646 1328 666 1349 a
689 1316 812 1349 comite
828 1315 1014 1348 Thomasio
1031 1315 1075 1347 de
1090 1314 1243 1350 Molisio,

403 1373 474 1405 filio
489 1382 571 1415 sepe
588 1372 672 1405 dicti
688 1370 808 1404 Celani
825 1370 967 1409 comitis,
985 1369 1042 1412 qui
1058 1374 1155 1401 extra
1170 1368 1244 1401 Re-

402 1437 506 1470 gnum
530 1431 752 1458 accesserunt
783 1424 828 1456 ad
850 1424 961 1466 ipsum
986 1429 1020 1455 et
1042 1422 1242 1455 fidelitatem

403 1480 627 1523 prestiterunt
649 1478 774 1517 eidem,
796 1482 911 1520 spreto
934 1477 1126 1509 iuramento
1149 1476 1244 1520 quod

404 1534 561 1565 Romane
585 1531 733 1565 ecclesie
756 1531 899 1568 fecerat,
916 1535 1129 1574 congregato
1144 1541 1245 1562 exer-

405 1587 476 1619 citu
488 1597 550 1628 per
561 1585 721 1629 Regnum
733 1584 865 1617 intrans
875 1594 991 1616 mense
1005 1582 1214 1616 Nouembris
1221 1582 1244 1622 ¹,

404 1651 465 1682 per
487 1639 654 1672 Reatinas
677 1643 791 1681 partes
814 1638 911 1670 uenit
933 1638 968 1669 in
991 1637 1165 1675 Marsiam,
1189 1637 1244 1669 cui

404 1693 518 1726 dictus
540 1692 663 1725 Celani
686 1701 803 1724 comes
824 1692 910 1723 dans
925 1701 1072 1728 manum,
1088 1691 1244 1734 Capuam

404 1746 591 1789 resignauit
602 1744 625 1788 ³,
644 1751 680 1778 et
694 1744 888 1787 Diopuldus
910 1744 1101 1787 prephatus
1123 1744 1243 1776 turrim

404 1800 567 1832 maiorem
589 1799 634 1831 de
658 1798 802 1832 Salerno
825 1803 860 1830 et
885 1797 1037 1841 reliquas
1067 1797 1129 1830 has
1159 1808 1245 1841 quas

404 1852 554 1886 habebat
583 1851 619 1884 in
649 1862 757 1895 regno
787 1851 996 1884 munitiones
1025 1851 1179 1889 tradidit,
1211 1857 1246 1883 et

405 1912 486 1939 tunc
510 1905 554 1938 ab
576 1905 785 1947 imperatore
809 1905 879 1937 dux
901 1903 1038 1947 Spoleti
1067 1904 1211 1937 efficitur
1222 1904 1244 1937 ⁴.

404 1960 527 1993 Dictus
547 1970 630 1992 uero
651 1958 759 1992 abbas
782 1958 915 1997 Petrus,
938 1958 995 1992 cui
1011 1965 1086 1991 erat
1101 1969 1185 1992 cura
1200 1959 1245 1991 de

404 2018 497 2046 terra
520 2018 555 2046 et
575 2012 715 2055 populo,
738 2012 782 2045 ad
805 2013 1010 2055 prephatum
1034 2012 1156 2045 Celani
1187 2022 1246 2045 co-

405 2066 521 2098 mitem
545 2066 713 2109 quosdam
738 2066 781 2098 de
805 2066 935 2098 Sancto
967 2065 1139 2098 Germano
1167 2075 1245 2098 cum

405 2119 515 2152 tribus
538 2125 597 2151 aut
620 2123 723 2151 1111²¹⁰‘
754 2118 917 2151 fratribus
947 2129 1052 2151 causa
1074 2119 1244 2161 composi-

406 2172 509 2205 tionis
530 2172 664 2215 legatos
686 2172 777 2204 misit
799 2172 835 2203 in
857 2171 1033 2211 Marsiam,
1056 2182 1134 2204 cum
1167 2181 1246 2215 quo,

408 2232 500 2259 certe
533 2225 684 2268 pecunie
717 2225 972 2258 interueniente
1003 2226 1171 2268 promissa
1201 2224 1246 2258 ad

490 2327 515 2352 9.
529 2319 624 2345 Gaun.
637 2320 781 2352 aggiunge
793 2319 873 2350 dopo:
887 2319 979 2344 redire
992 2320 1023 2344 in
1037 2327 1147 2345 roccam
1160 2319 1246 2345 vellet

410 2377 443 2382 —
463 2368 504 2395 17.
526 2363 589 2388 Cod.
607 2363 638 2386 al
654 2362 778 2394 margine
796 2366 912 2387 esterno:
932 2361 1053 2387 MCC⁰X
1072 2376 1102 2380 —
1125 2362 1168 2388 26.
1183 2370 1246 2395 pro—

410 2405 513 2438 phatus
534 2405 611 2435 Cod.3
630 2404 756 2438 prefatus
775 2403 870 2429 Gnm.
890 2418 922 2424 —
942 2410 984 2436 27·
1002 2404 1132 2429 Sallerno
1151 2403 1246 2430 GAun.

499 2511 508 2527 ¹
528 2512 615 2538 Forse
633 2514 732 2545 questo
753 2512 939 2538 “Senioretto
950 2531 973 2544 „‚
992 2513 1093 2546 nipote
1112 2513 1224 2539 dell'ab.
1238 2513 1301 2538 Pie-

412 2557 457 2579 tro
477 2555 578 2587 Conte,
599 2553 655 2587 pub
676 2555 860 2580 identificarsi
881 2556 926 2580 col
940 2556 953 2570 “
965 2557 1052 2581 frater
1065 2556 1246 2581 Seniorectus
1260 2564 1301 2581 sa—

413 2598 426 2612 “
438 2597 536 2622 cerdos
554 2599 582 2622 et
601 2598 754 2622 monachus
766 2615 778 2629 „
801 2598 850 2623 che
870 2599 1049 2623 sottoscrisse
1069 2599 1098 2623 la
1117 2600 1303 2624 concessione

413 2640 444 2664 di
463 2640 561 2664 alcune
580 2642 652 2664 terre
672 2640 744 2664 satta
764 2640 784 2664 ll
804 2647 847 2672 30,
872 2640 946 2672 VIII,
973 2647 1041 2673 1²30
1066 2641 1112 2666 dal
1139 2643 1301 2666 monastero

414 2681 562 2706 Cassinese
581 2690 596 2706 a
614 2681 761 2706 Giovanni
780 2682 897 2715 Buon0;
916 2683 951 2707 cf.
966 2684 1086 2716 Regesto
1105 2685 1135 2708 di
1151 2684 1302 2708 Tommnso

414 2725 519 2755 decano,
539 2724 596 2753 cit.¹
616 2732 642 2756 p.
662 2723 704 2749 66.

501 2764 513 2781 ²
532 2765 716 2791 L'invasione
735 2767 780 2792 del
802 2774 889 2799 regno
908 2767 982 2792 satta
1001 2768 1036 2792 da
1056 2767 1164 2792 Ottone
1190 2768 1228 2792 IV
1258 2768 1303 2792 nel

418 2814 492 2837 1210.
524 2809 673 2833 d’accordo
698 2817 750 2833 con
776 2810 924 2842 Diopoldo
950 2817 964 2834 e
992 2810 1013 2834 il
1040 2811 1125 2835 conte
1149 2810 1248 2835 Pietro
1274 2810 1303 2835 di

416 2849 535 2881 Celano,
548 2850 586 2880 fu,
600 2858 677 2875 come
691 2851 753 2876 dice
765 2851 798 2876 R.
812 2852 875 2876 solo
889 2852 966 2876 nella
979 2853 1071 2884 prima
1085 2853 1216 2877 edizione
1230 2853 1305 2877 della

417 2899 467 2916 sua
486 2892 622 2922 Cronaca.
643 2893 762 2918 iniziata
782 2895 827 2918 nel
848 2895 1009 2919 novembre.
1029 2894 1070 2918 Lo
1090 2895 1179 2919 stesso
1193 2902 1271 2920 anno
1291 2903 1306 2919 e

419 2934 447 2958 lo
465 2935 553 2958 stesso
573 2942 646 2959 mese
664 2936 688 2959 si
709 2935 858 2960 ritrovano
883 2943 952 2969 pure
971 2936 1048 2968 negli
1068 2937 1188 2961 Annales
1208 2938 1305 2962 Cecca·

418 2984 516 3006 nenses,
535 2977 575 3001 M.
601 2977 630 3002 G.
653 2978 687 3002 H.
708 2978 767 3006 SS.,
786 2977 860 3008 XIX,
875 2985 941 3010 300:
958 2978 971 2992 α
983 2978 1065 3003 oddo
1080 2979 1172 3004 dictus
1187 2979 1306 3013 impera-

422 3017 492 3042 “tor
511 3026 559 3050 per
580 3018 712 3043 Tusciam
738 3021 832 3044 estivo
857 3022 984 3053 tempore
1011 3028 1187 3054 permanens,
1213 3028 1307 3046 mense

870 222 1146 260 RYCCARDI
1173 221 1245 257 DE
1272 219 1484 256 SANCTO
1513 217 1784 255 GERMANO

1311 833 1350 864 10

1311 1099 1347 1132 15

1307 1422 1349 1454 20

1308 1689 1349 1723 25

1309 1959 1351 1991 30

1310 2224 1350 2259 35

1491 1259 1696 1302 [M⁰CC⁰X⁰]
1714 1260 1797 1293 Otto
1821 1259 1936 1292 dictus
1951 1260 2165 1303 Imperator„
2177 1265 2247 1293 tra·
2265 1262 2292 1275 ¹

1405 1319 1480 1346 ctus
1510 1324 1531 1345 a
1553 1313 1739 1358 Dyopuldo
1771 1318 1806 1346 et
1835 1313 1942 1346 Petro
1973 1313 2160 1347 celanensi
2186 1323 2246 1347 co-
2288 1337 2294 1345 .

1403 1367 1498 1405 mite,
1521 1367 1581 1410 qui
1604 1378 1680 1400 cum
1703 1367 1780 1410 ipso
1803 1366 1991 1411 Dyopuldo
2015 1372 2248 1407 contraxerat,

1402 1431 1547 1464 quorum
1572 1420 1660 1453 alter
1681 1421 1849 1464 Capuam,
1876 1422 1963 1454 alter
1984 1431 2070 1454 uero
2093 1419 2159 1454 sibi
2184 1420 2248 1455 Sa·
2287 1415 2290 1416 ⁷

1403 1475 1538 1508 lernum
1553 1475 1708 1514 tradidit,
1724 1480 1840 1517 spreto
1855 1475 2050 1508 iuramento
2063 1473 2157 1519 quod
2172 1473 2248 1508 Ro·
2284 1490 2295 1494 ¹

1402 1538 1504 1561 mane
1528 1528 1677 1561 ecclesie
1707 1529 1842 1561 fecerat
1871 1538 2017 1572 regnum
2049 1528 2158 1560 intrat
2183 1537 2248 1571 per
2289 1533 2292 1534 ’
2318 1555 2320 1565 A

1405 1581 1573 1614 Reatinae
1603 1587 1731 1624 partes,
1761 1581 1824 1614 sub
1854 1581 1992 1615 illorum
2024 1581 2154 1615 ducatu
2187 1581 2248 1625 qui

1406 1635 1606 1668 fidelitatem
1630 1635 1663 1667 ei
1684 1635 1908 1678 prestiterant
1930 1645 1994 1678 per
2016 1634 2198 1673 Marsiam,
2213 1640 2249 1667 et
2286 1624 2291 1646 ’Σ
2317 1634 2320 1648 ³

1403 1689 1530 1722 exinde
1543 1700 1607 1732 per
1618 1689 1803 1722 Cominum
1825 1688 1937 1728 uenit;
1950 1688 1996 1721 ad
2011 1698 2115 1731 quem
2125 1687 2248 1720 dictus
2284 1685 2286 1689 '

1403 1742 1603 1776 Casinensis
1626 1741 1745 1783 abbas,
1761 1742 1817 1775 cui
1841 1752 1925 1775 cura
1940 1746 2016 1775 erat
2039 1742 2083 1775 de
2105 1746 2198 1774 terra
2213 1745 2250 1774 et
2289 1740 2295 1758 ⁷*

1403 1797 1544 1840 populo,
1568 1806 1647 1828 cum
1669 1797 1715 1829 ad
1738 1796 1932 1839 ingressum
1955 1795 2064 1838 ipsius
2086 1793 2249 1828 Oddonis
2282 1792 2290 1817 >³

1404 1857 1520 1884 essent
1542 1860 1660 1883 omnes
1685 1849 1850 1889 exterriti,
1873 1850 1922 1882 ita
1945 1849 2040 1894 quod
2063 1849 2099 1881 in
2115 1848 2246 1882 Sancto
2284 1843 2288 1880 ζ

1405 1905 1580 1938 Germano
1603 1903 1707 1946 pauci
1724 1903 1912 1936 admodum
1933 1901 2174 1942 remanserint,
2189 1901 2252 1946 qui
2283 1905 2289 1944 ᾗ

1404 1958 1450 1991 ad
1474 1958 1550 1991 loca
1572 1958 1698 1990 tutiora
1721 1967 1783 1990 sua
1805 1955 2050 1999 suppelectilia
2065 1965 2135 1989 non
2150 1955 2248 1988 tulis-
2283 1958 2291 2000 J,

1404 2017 1491 2050 sent,
1514 2021 1594 2044 suos
1620 2021 1684 2053 pro
1706 2021 1795 2054 pace
1826 2010 1959 2053 legatos
1989 2008 2090 2049 misit,
2114 2013 2149 2042 et
2170 2008 2246 2051 ipse
2291 2037 2292 2040 ,

1404 2065 1507 2098 etiam
1531 2065 1639 2098 exiuit
1660 2065 1697 2096 in
1721 2074 1901 2097 occursum
1925 2063 2009 2102 eius,
2032 2067 2154 2096 contra
2177 2061 2249 2094 fra-
2276 2075 2290 2106 j

1404 2125 1494 2152 trum
1517 2118 1668 2152 omnium
1690 2118 1912 2150 uoluntatem.
1957 2116 1991 2149 A
2006 2126 2076 2160 quo
2091 2115 2173 2149 satis
2187 2113 2250 2148 be-
2277 2141 2285 2146 ,

1403 2172 1510 2216 nigne
1532 2178 1704 2214 receptus,
1727 2177 1855 2205 terram
1878 2169 2078 2203 monasterii
2099 2167 2250 2202 seruauit
2279 2175 2291 2215 j
2315 2186 2317 2188 -

1406 2226 1637 2268 indempnem.

1497 2328 1535 2353 19.
1555 2320 1690 2346 suadente
1709 2320 1764 2345 sibi
1785 2319 1934 2352 Diopuldo
1953 2317 2031 2344 Uen.

1357 2514 1370 2528 “
1382 2514 1546 2539 novembris
1564 2513 1727 2547 prohibitus
1747 2520 1762 2537 a
1782 2513 1889 2538 domno
1908 2519 1982 2545 papa
2002 2513 2030 2536 et
2047 2511 2244 2536 exc-ommuni·
2278 2502 2281 2506 J

1356 2555 1370 2570 ‘⁴
1382 2559 1470 2587 catus,
1490 2556 1615 2581 consilio
1634 2556 1733 2580 domni
1745 2555 1824 2580 Petrl
1837 2555 1952 2579 comItis
1967 2554 2001 2579 de
2014 2552 2126 2579 Celnno
2139 2554 2168 2579 et
2180 2559 2249 2578 eon·

1355 2599 1450 2624 “silio
1476 2598 1620 2631 Diopuldi
1646 2600 1789 2630 ingressus
1814 2599 1856 2622 est
1881 2600 1998 2630 regnum
2024 2595 2248 2629 ApuIIe..-·„;
2278 2604 2282 2628 ᾗ

1356 2641 1483 2667 Bor-mna
1502 2650 1566 2671 ecc.‚
1588 2649 1615 2666 n.
1634 2649 1684 2674 44¹
1697 2642 1720 2666 b.

1443 2682 1454 2700 ³
1472 2684 1496 2709 11
1519 2685 1663 2709 chronicon
1683 2685 1842 2710 Suessanum
1868 2684 1898 2707 in
1923 2682 2091 2712 Penuccm,
2115 2682 2249 2707 Raceolta
2278 2696 2289 2717 ,-

1357 2727 1386 2752 di
1403 2728 1482 2752 varie
1504 2728 1630 2752 Crom'cke
1649 2726 1697 2758 (cf.
1716 2728 1843 2751 Bonum(
1856 2733 1921 2754 ecc..
1935 2733 1963 2750 n.
1975 2732 2027 2758 443
2038 2725 2068 2755 d)
2081 2724 2155 2749 sulla
2167 2730 2249 2758 presa

1357 2770 1384 2793 di
1406 2768 1513 2801 Capua.
1534 2769 1593 2794 cosl
1609 2770 1750 2794 riferlsee:
1771 2768 1784 2782 ⁸
1797 2768 1833 2793 Et
1850 2767 2000 2792 undecima
2020 2767 2066 2791 die
2084 2765 2248 2791 novembris
2277 2759 2286 2794 ,J

1359 2810 1507 2835 “intravit
1526 2810 1663 2844 Capuam,
1682 2817 1765 2842 quam
1791 2810 1818 2834 ei
1842 2809 2004 2841 assignavit
2030 2815 2122 2834 comes
2146 2807 2248 2832 Petrus
2265 2821 2281 2841 ,³

1359 2851 1373 2865 u
1385 2852 1419 2877 de
1438 2851 1548 2877 Celano
1567 2855 1595 2878 et
1614 2855 1737 2877 moratus
1756 2853 1799 2877 est
1820 2852 1860 2876 ibi
1879 2859 1928 2884 per
1953 2851 2078 2883 quinque
2103 2856 2212 2879 menses
2222 2865 2248 2880 „-
2277 2872 2283 2881 ,Ι
2310 2870 2312 2886 s

1446 2893 1457 2910 ⁴
1480 2895 1672 2927 “Dyubuldus
1690 2896 1739 2927 qui
1759 2894 1866 2919 dictum
1892 2894 2090 2926 imperatorem
2111 2891 2247 2917 Ottonem
2277 2892 2280 2903 ³

1360 2936 1549 2962 “introduxit
1568 2937 1598 2961 in
1625 2945 1741 2969 regnum
1768 2943 1830 2961 cum
1856 2936 1941 2961 Petro
1967 2935 2072 2960 comite
2092 2933 2194 2960 Celnnl
2219 2934 2247 2959 et
2278 2936 2287 2958 1,

1360 2979 1463 3004 “dedit
1481 2979 1639 3008 Salernum,
1658 2981 1774 3012 propter
1799 2979 1873 3011 quod
1901 2979 1992 3003 factus
2018 2979 2060 3002 est
2086 2977 2118 3002 ab
2137 2983 2172 3001 eo
2191 2975 2248 3000 dux

1361 3020 1374 3034 “
1385 3020 1497 3054 Spoleti
1508 3031 1537 3053 ης
1552 3022 1672 3046 Annales
1687 3022 1851 3052 Casu'nenses,
1864 3021 1907 3045 M.
1932 3021 1962 3045 G.
1979 3021 2015 3045 H.
2032 3020 2084 3044 SS.
2098 3017 2172 3050 XIX,
2186 3024 2247 3050 319.

1945 222 2030 259 [ΑΛ.
2051 222 2242 259 1209-12101
2294 215 2297 260 ᾗ
