2320 3444
30 211 38 266 [
94 244 148 283 [³-
167 244 262 281 ωσι
877 240 1156 276 CHRoNch

73 389 76 394 ·
94 365 244 404 ‘sticam
267 380 451 413 personam
473 381 538 415 pro
554 371 723 405 criminali
754 372 936 416 questione

41 422 55 462 J
97 423 183 456 ‘uel
205 423 303 457 ciuili
334 424 475 458 tradere
507 425 552 458 ad
581 425 748 458 iudicium
779 425 936 458 seculare

50 515 52 520 Ι
95 475 298 520 ‘presumat
321 482 442 510 contra
464 478 652 511 canonicas
682 478 880 512 sanctiones
902 483 937 510 et

40 547 55 569 j
97 530 112 549 ⁸
124 529 392 564 constitutiones
408 530 614 574 imperiales.
632 530 739 570 Quod
754 531 814 575 qui
837 532 934 564 fece-

43 601 51 630 g
97 583 171 616 “rit
192 588 302 623 actor,
326 594 347 616 a
370 594 431 616 suo
447 584 523 617 iure
547 583 662 623 cadat,
679 584 842 617 iudicium
865 594 935 617 non
1021 585 1038 617 5

52 639 54 646 '
96 638 238 671 ‘teneat
261 643 296 670 et
318 637 423 670 iudex
446 649 489 671 ex
519 643 602 671 tunc
632 638 815 671 iudicandi
837 643 934 681 pote-

44 714 48 721 »
96 691 206 724 “state
229 691 396 734 priuetur.

47 744 49 746 ’
185 742 395 777 ‘Sancimus
416 744 558 787 insuper
579 749 627 783 ut,
650 744 681 777 si
712 744 770 787 qui
795 743 936 777 clericis

35 794 47 846 ᾗ
93 796 110 816 ¹⁴
123 797 180 831 uel
202 798 358 841 personis
379 797 626 832 ecclesiasticis
647 798 809 831 iustitiam
827 798 934 830 dene-

35 891 46 894 ‚
95 853 110 870 ⁶
123 862 206 896 gare
228 852 508 895 presumpserint,
529 851 634 885 tertio
656 851 816 895 requisiti
839 862 935 885 suam
1001 853 1040 885 10

38 945 42 947 μ
94 904 393 939 “iurisdictionem
417 904 584 938 amittant.
616 904 797 943 Catharos,
829 904 934 938 Pate-

40 958 47 998 ]
95 960 235 998 ⁸renos,
258 958 452 999 Leonistas,
469 959 681 1003 Speronitas,
705 957 933 996 Arnaldistas‚

43 1053 45 1055 ¹
93 1013 109 1031 ⁸
121 1012 357 1048 circumcisos
379 1018 414 1045 et
436 1022 553 1046 omnes
570 1011 742 1045 hereticos
756 1011 935 1055 utriusque

94 1066 111 1085 ¹¹
121 1077 223 1100 sexus
234 1076 452 1110 quocumque
468 1065 606 1099 nomine
622 1071 841 1104 censeantur,
856 1075 936 1108 per-

26 1163 27 1166 *
93 1123 227 1166 “petua
249 1121 479 1163 dampnamus
501 1119 655 1159 infamia,
672 1118 867 1152 diffidamus
883 1124 935 1152 at-
1001 1118 1038 1152 15

95 1177 111 1195 '¹
123 1185 191 1220 que
214 1174 408 1213 bannimus,
431 1179 614 1207 censentes
636 1178 675 1206 ut
701 1172 795 1206 bona
817 1172 934 1206 talium

41 1231 44 1235 '
94 1231 110 1248 ³
121 1229 352 1263 confiscentur
374 1237 441 1260 nec
465 1227 510 1260 ad
525 1237 586 1260 eos
599 1226 744 1260 ulterius
758 1232 935 1259 reuertan-

94 1283 200 1320 “tur3
223 1282 340 1325 itaque
362 1280 424 1314 filii
455 1280 502 1313 ad
531 1279 785 1314 successionem
816 1290 934 1312 eorum

35 1331 37 1334 ’
95 1337 111 1355 ⁶
122 1334 243 1368 uenire
266 1344 336 1367 non
356 1333 500 1377 possint,
514 1344 594 1367 cum
607 1333 713 1377 longe
728 1333 771 1366 sit
794 1332 935 1377 grauius

37 1394 40 1398 '
95 1392 276 1423 “eternam
300 1398 404 1432 quam
419 1387 646 1431 temporalem
663 1386 848 1420 offendere
864 1397 935 1420 ma·
996 1388 1040 1421 20
1073 1377 1075 1381 ¹

93 1443 110 1462 ⁸
122 1443 287 1477 iestatem.
334 1439 407 1480 Qui
430 1445 545 1474 autem
560 1440 694 1474 inuenti
717 1440 846 1473 fuerint
861 1441 935 1474 sola

45 1499 47 1501 '
96 1497 312 1541 ‘suspitione
343 1494 527 1534 notabiles,
565 1493 630 1526 nisi
661 1494 706 1527 ad
735 1493 934 1527 mandatum

38 1557 47 1594 ἢ
95 1553 110 1570 “
123 1549 272 1585 ecclesie
294 1549 389 1582 iuxta
404 1546 719 1582 considerationem
734 1546 935 1590 suspitionis

42 1647 43 1650 Ἴ
96 1606 112 1624 ⁰⁵
122 1603 392 1649 qualitatemque
407 1611 557 1645 persone
573 1600 749 1644 propriam
766 1601 932 1634 innocen-

38 1657 47 1661 ”
97 1657 208 1692 “tiam
245 1667 402 1701 congrua
438 1655 643 1699 purgatione
681 1654 935 1693 mostrauerint,
997 1655 1038 1690 25

51 1706 54 1709 ’
95 1714 297 1755 ‘tamquam
319 1709 467 1742 infames
489 1714 524 1742 et
546 1707 679 1741 banniti
708 1707 752 1740 ab
776 1708 935 1741 omnibus

44 1768 47 1770 ’
95 1766 327 1800 “ὴεὼειιιωι·.
358 1763 412 1798 Ita
442 1763 548 1807 quod,
578 1762 607 1796 si
637 1761 690 1796 sic
720 1772 784 1805 per
807 1771 934 1795 annum

49 1827 51 1829 ’
96 1821 112 1838 ‘
123 1817 387 1864 permanserint,
399 1827 443 1850 ex
457 1822 540 1850 tunc
557 1816 648 1849 sicut
664 1814 835 1849 hereticos
851 1825 934 1849 con·

41 1887 43 1893 ⁴
93 1873 110 1891 ⁸
123 1873 359 1916 dempnamus.

183 1927 199 1944 ‘⁴
211 1925 399 1959 Statuimus
415 1924 519 1958 etiam
534 1923 601 1956 hoc
624 1921 742 1956 edicto
757 1922 795 1955 in
809 1933 935 1965 perpe·
998 1925 1039 1958 30

34 2004 46 2019 ψ,
94 1980 110 1998 ⁸
129 1986 190 2014 tuo
205 1979 355 2013 ualituro
371 1983 409 2011 ut
423 1982 613 2021 potestates
629 1976 687 2009 uel
704 1975 861 2009 consules
876 1987 936 2008 seu

42 2034 57 2070 ,’
94 2034 278 2067 ‘rectores
300 2031 573 2076 quibuscumque
603 2030 792 2074 fungantur
822 2029 935 2062 offitiis

33 2097 44 2111 ¹·
97 2089 188 2131 “pro
211 2085 420 2119 defensione
442 2082 523 2116 fidei
545 2088 701 2127 prestent
723 2083 863 2126 publice
886 2083 936 2115 iu-

40 2135 43 2137 *
95 2141 111 2159 ¹¹
127 2145 321 2174 ramentum
345 2137 441 2182 quod
465 2137 510 2170 de
534 2137 635 2170 terris
650 2145 711 2169 sue
726 2135 937 2170 iurisdictio-

48 2203 55 2239 3
96 2193 180 2228 “nis
201 2193 368 2226 uniueros
391 2190 566 2224 hereticos
588 2189 631 2223 ab
655 2189 806 2223 ecclesia
830 2190 936 2223 deno·
998 2191 1039 2226 35

52 2289 53 2293 Ἰ
97 2249 215 2282 ‘tatos
237 2256 302 2290 pro
324 2243 457 2278 uiribus
486 2243 714 2277 exterminare
737 2242 935 2277 studebunt.

19 2311 22 2318 ³
98 2303 113 2320 ⁸
124 2301 178 2335 Ita
201 2301 296 2344 quod
319 2298 444 2331 amodo
461 2297 752 2342 quandocumque
769 2297 845 2340 quis
860 2297 936 2330 fue-

14 2390 16 2398 ,
55 2392 57 2394 ,
98 2355 170 2389 ‘rit
206 2354 244 2388 in
273 2357 482 2396 potestatem
515 2350 589 2384 siue
623 2357 828 2394 perpetuam
862 2350 936 2384 siue

98 2406 354 2450 ‘temporalem
377 2410 582 2447 assumptus,
604 2403 672 2437 hoc
695 2409 855 2437 teneatur
878 2415 937 2436 ca-

49 2458 62 2486 {-
98 2460 270 2505 ⁸pitulum
294 2460 488 2492 iuramento
511 2457 670 2492 firmaret
693 2457 846 2501 alioquin
877 2467 937 2490 ne·
999 2460 1040 2493 40

99 2513 213 2559 ‘que'
236 2524 300 2557 pro
322 2511 554 2556 potestatibus
576 2510 716 2555 ne[que]
738 2510 937 2544 consulibus

16 2600 18 2606 Α
48 2587 63 2606 ‚a
99 2567 331 2606 “habeantun
354 2575 543 2607 eorumque
565 2564 753 2598 sententias
776 2564 936 2597 decerui-

16 2615 20 2627 ”
99 2623 202 2654 “mus
226 2630 271 2653 ex
293 2626 376 2653 tunc
399 2618 515 2651 irritas
546 2623 582 2650 et
611 2616 744 2650 inanes.
790 2616 829 2650 Si
851 2627 936 2651 uero

16 2710 23 2717 Α,
56 2690 58 2695 ·
97 2674 113 2692 “
127 2674 287 2708 dominus
309 2671 509 2715 temporalis
531 2670 716 2714 requisitus
730 2676 766 2703 et
787 2670 938 2704 monitus

16 2716 26 2737 ’μ
44 2728 58 2733 '
96 2728 112 2746 “
125 2728 169 2761 ab
193 2726 345 2760 ecclesia
366 2731 496 2759 terram
518 2734 614 2756 suam
646 2733 795 2767 purgare
817 2723 937 2770 negle-
1000 2726 1040 2759 45

18 2821 22 2828 ,
52 2791 67 2822 ’ᾗ
97 2780 219 2814 ‘xerit
240 2779 285 2812 ab
307 2778 462 2812 heretica
490 2777 672 2821 prauitate,
701 2782 780 2820 post
810 2787 935 2810 annum

20 2848 29 2881 ‘2
59 2869 61 2874 f
100 2835 148 2867 “a
182 2839 342 2876 tempore
380 2831 580 2864 monitionis
616 2830 771 2873 elapsum
810 2837 936 2863 terram

18 2881 25 2910 ἶ
59 2892 62 2893 ’
99 2887 234 2930 “ipsius
257 2885 459 2929 exponimus
482 2884 663 2917 catholicis
686 2884 938 2927 occupandam,

183 3017 226 3044 45.
243 3012 347 3036 terram
365 3018 415 3036 sua
434 2999 555 3044 purgare
576 3010 639 3034 Cod.

97 315 1044 322 ··-··—·-·-·—-·-·-----——·--------------u---------------------------------.----..-·...-
1066 317 1906 322 --.....-.,....,....,.,....,..,..-.,.......,.,Δ.....,,,,,,,-,,,,,,,,..,,,,,,,.“,,,,,,..μμ
1926 317 1930 320 ,
