2320 3444
411 357 514 400 “ipsa
529 362 686 389 testatur:
714 355 902 399 Oportebat
915 354 995 398 pati
1018 353 1190 386 Christum
1214 358 1248 386 et

411 412 486 443 “sic
519 410 663 443 introire
697 409 733 440 in
763 408 919 452 gloriam
954 418 1064 443 suam;
1101 406 1192 450 quia,
1219 406 1247 438 si

411 466 425 482 ‘⁶
438 464 595 497 uolumus
611 472 769 505 regnare,
786 467 922 504 oportet
939 467 972 493 et
985 460 1149 502 compati,
1162 460 1246 492 licet
1287 451 1290 455 ’

408 518 423 534 ¹⁴
438 527 507 549 non
530 517 598 549 sint
620 516 794 558 condigne
824 515 1003 557 passiones
1031 514 1135 546 huius
1161 519 1247 545 tem-

407 571 531 614 “poris
554 571 598 602 ad
621 571 772 601 futuram
801 568 947 612 gloriam
978 577 1044 611 que
1075 565 1246 598 reuelabi-
1330 565 1348 597 5

410 626 424 641 “
436 630 493 656 tur
507 623 569 665 [in]
585 622 692 655 nobis.
738 622 814 654 Hoc
830 620 984 664 pasc1h]a
1001 620 1094 663 quod
1117 620 1246 651 dicitur

409 678 423 694 “
436 676 551 720 phase,
575 676 667 708 idest
697 676 868 712 transitus,
900 673 1077 707 desiderio
1109 672 1246 706 deside-

409 732 423 748 “
435 730 506 762 raui
523 730 734 762 manducare
751 728 939 767 uobiscum,
957 728 1001 760 de
1018 737 1087 769 quo
1103 726 1139 759 in
1154 726 1245 758 Exo-

409 785 423 800 “
436 783 481 816 do
498 783 639 816 dicitur:
657 781 1078 826 ComedetssJestfflantem
1095 784 1144 811 est
1157 780 1245 812 enim

408 838 420 852 ¹¹
435 837 550 880 phase.
582 836 669 868 idest
702 837 867 869 transitus
900 833 1053 867 Domini.
1098 833 1245 876 Legitur
1313 833 1351 864 10
1377 843 1380 846 ·

408 892 422 908 ‘⁴
435 891 526 923 enim
542 890 575 921 in
593 889 682 922 libro
699 890 834 933 Regum
853 895 888 921 et
902 889 940 920 in
955 887 1244 929 Paralipomenon

408 943 650 986 “apertissime
675 943 869 975 continetur
883 943 904 980 ¹,
928 942 1022 985 quod
1039 949 1131 973 xv111
1154 950 1244 972 anno

408 997 422 1014 “
434 996 528 1039 regis
543 997 632 1029 Iosie
649 1001 876 1029 restauratum
892 1002 942 1028 est
958 995 1122 1037 templum
1138 1000 1171 1026 et
1186 1004 1244 1025 ce·
1285 1022 1287 1025 .

408 1051 423 1067 “
436 1049 605 1082 lebratum
617 1050 742 1093 phase:
759 1049 862 1093 quale
885 1059 954 1081 non
979 1048 1045 1081 fuit
1061 1048 1192 1080 factum
1210 1047 1243 1078 in

408 1104 422 1120 ‘⁴
435 1103 542 1136 Israel
564 1115 584 1136 a
601 1103 724 1137 diebus
740 1103 891 1135 iudicum
910 1102 984 1135 siue
999 1112 1131 1146 regum.
1165 1101 1245 1134 Uti-
1313 1100 1349 1132 15

407 1158 422 1174 ‘⁴
435 1168 513 1190 nam
529 1157 594 1190 hec
618 1156 747 1200 ystoria
762 1156 919 1189 instantis
934 1155 1099 1199 temporis
1113 1155 1158 1187 sit
1183 1165 1244 1197 pa-

406 1210 421 1226 “
435 1209 555 1243 rabola
570 1216 608 1243 ut
623 1211 658 1242 in
680 1211 748 1243 hoc
771 1210 878 1243 nostri
901 1209 1123 1252 pontificatus
1148 1217 1243 1240 xvm

407 1265 526 1296 “anno
556 1263 719 1306 templum
743 1263 894 1302 Domini,
924 1264 1019 1305 quod
1050 1267 1102 1295 est
1132 1262 1246 1294 eccle-

408 1316 496 1355 “sia‚
518 1322 727 1349 restauretur
756 1322 791 1348 et
814 1315 1010 1349 celebretur
1033 1315 1148 1359 phase,
1171 1315 1245 1347 siue

407 1370 601 1412 “pasc[h]a,
631 1370 698 1402 hoc
729 1369 894 1402 uidelicet
925 1369 1018 1411 [hoc]
1049 1368 1242 1411 sollempne
1308 1369 1350 1400 20

408 1425 422 1440 ‘⁴
435 1423 631 1463 concilium,
653 1433 715 1466 per
730 1423 824 1466 quod
839 1423 899 1455 fiat
914 1422 1073 1455 transitus
1090 1422 1133 1455 de
1149 1421 1243 1455 uitiis

408 1477 471 1509 “in
493 1476 635 1509 uirtutes
658 1476 760 1520 quale
783 1486 906 1508 reuera
929 1486 997 1508 non
1022 1476 1154 1508 factum
1178 1475 1246 1507 fuit
1284 1468 1286 1470 ¹

404 1530 471 1563 “in
493 1530 600 1562 Israel
630 1541 650 1562 a
681 1529 803 1563 diebus
832 1529 990 1562 iudicum
1014 1530 1086 1562 siue
1109 1538 1244 1572 regum,

407 1583 525 1616 “idest
547 1595 568 1615 a
589 1583 803 1626 temporibus
826 1589 1022 1616 sanctorum
1045 1589 1180 1625 patrum
1210 1589 1246 1615 et

407 1637 686 1670 “catholicorum
709 1636 904 1679 principum
935 1636 971 1668 in
1001 1637 1131 1679 populo
1155 1636 1245 1668 chri·
1308 1636 1348 1669 25

408 1690 547 1723 “stiano
570 1690 682 1722 Deum
705 1690 847 1723 uidente
870 1699 933 1733 per
955 1690 1072 1722 fidem.
1118 1690 1163 1723 Et
1179 1700 1245 1733 ego

407 1745 497 1786 “pro
521 1749 616 1776 certo
639 1754 741 1785 spero
763 1744 800 1776 in
824 1753 865 1776 eo
889 1743 949 1786 qui
973 1754 1047 1776 sese
1071 1743 1245 1786 promictit

407 1796 592 1830 “fidelibus
615 1796 750 1830 dicens:
780 1796 984 1841 Ubicumque
1007 1798 1073 1829 duo
1094 1797 1151 1830 uel
1175 1801 1246 1829 tres

405 1850 421 1867 “
434 1851 651 1894 congregati
653 1849 795 1893 fuerint
808 1851 843 1882 in
859 1852 990 1896 nomine
1011 1861 1092 1889 mco,
1114 1850 1165 1883 ibi
1177 1860 1245 1893 ego

407 1905 422 1920 ‘⁴
434 1904 470 1936 in
485 1905 592 1936 medio
607 1914 721 1936 eorum
737 1915 809 1936 sum
822 1903 844 1945 ²,
867 1904 963 1947 quod
981 1903 1055 1946 ipse
1070 1904 1107 1936 in
1122 1903 1242 1936 medio
1308 1906 1349 1938 30

405 1957 419 1972 “
433 1962 586 1990 nostrum
610 1957 717 1996 adest,
740 1957 800 2000 qui
822 1968 937 1990 sumus
959 1957 995 1990 in
1026 1957 1093 1989 hac
1123 1956 1245 1990 Salua-

405 2010 516 2043 “toris
539 2010 683 2043 basilica
706 2011 911 2054 congregati
934 2011 980 2044 ad
997 2010 1244 2044 celebrandum

405 2063 420 2080 ⁴⁶
435 2064 501 2097 hoc
517 2064 672 2106 pasc[h]a
689 2064 723 2096 in
738 2065 877 2097 nomine
893 2064 1085 2097 Saluatoris
1100 2074 1164 2107 pro
1179 2063 1245 2096 hiis

408 2119 501 2160 “que
525 2118 701 2159 pertinent
725 2118 769 2150 ad
792 2118 945 2151 salutem.
984 2117 1130 2160 Triplex
1149 2117 1242 2151 enim

407 2171 422 2187 ‘⁴
426 2171 544 2214 phase,
557 2171 629 2203 siue
642 2171 809 2213 pasc[h]a‚
823 2171 984 2204 desidero
997 2170 1173 2204 celebrare
1183 2182 1244 2203 uo-
1306 2172 1349 2205 35

406 2223 420 2239 “
434 2222 575 2261 hiscum,
599 2224 794 2266 corporale,
816 2224 994 2267 spirituale
1012 2231 1046 2256 et
1071 2224 1243 2257 eternale:

408 2278 422 2294 ‘⁴
436 2277 627 2319 corporale,
649 2283 687 2310 ut
710 2278 768 2310 fiat
790 2278 952 2310 transitus
975 2277 1021 2310 de
1036 2278 1116 2310 loco
1132 2278 1178 2310 ad
1194 2277 1243 2311 lo-

407 2331 422 2347 “
436 2340 513 2361 cum
536 2341 600 2373 pro
624 2330 810 2363 miserabili
827 2331 1027 2364 lerosolima
1043 2330 1242 2364 liberanda:

406 2383 420 2398 “
435 2383 622 2425 spirituale,
646 2389 684 2415 ut
706 2385 764 2416 fiat
780 2384 942 2417 transitus
959 2385 1003 2417 de
1018 2390 1109 2417 statu
1124 2384 1161 2416 in
1175 2389 1245 2416 sta-

408 2437 423 2453 “
436 2442 517 2474 tum,
533 2447 596 2479 pro
612 2437 800 2469 uniuersali
824 2437 979 2470 ecclesia
1002 2437 1243 2470 reformanda:
1309 2441 1350 2472 40

409 2490 423 2506 ‘⁴
436 2490 601 2528 eternale‚
623 2497 661 2523 ut
684 2490 744 2523 fiat
765 2491 810 2523 de
833 2491 907 2523 uita
928 2491 964 2523 in
986 2491 1091 2524 uitam
1108 2501 1171 2533 pro
1188 2501 1245 2523 ce-

408 2545 422 2560 “
434 2543 513 2575 lesti
535 2543 646 2586 gloria
669 2544 870 2586 optinenda.
916 2544 969 2576 De
986 2544 1162 2586 corporali
1176 2544 1245 2576 cla-

409 2598 506 2628 “mat
540 2597 584 2628 ad
619 2607 682 2629 nos
714 2597 919 2630 lerosolima
951 2597 1088 2630 dicens:
1128 2596 1158 2629 0
1188 2608 1245 2629 uos

409 2651 423 2666 “
436 2661 557 2688 omnes,
579 2651 640 2694 qui
667 2651 822 2684 transitis
849 2654 918 2695 per
947 2651 1049 2693 uiam,
1081 2651 1245 2683 attendite

493 2804 534 2823 21.
554 2798 707 2823 consilium
725 2799 787 2824 Cod.
803 2813 834 2816 —
851 2804 891 2830 27.
907 2799 936 2822 in
951 2806 984 2823 eo
999 2799 1029 2822 in
1043 2799 1091 2830 qui
1106 2805 1164 2823 sese
1180 2800 1243 2824 Cod.

405 2852 437 2857 —
455 2839 497 2871 38.
517 2841 661 2864 mIserabli
684 2841 746 2866 Cod.
778 2842 802 2866 A
822 2842 980 2866 cominciare
999 2842 1035 2866 da
1054 2843 1087 2866 ut
1106 2842 1154 2866 fiat
1167 2843 1243 2866 tran-

405 2883 476 2906 situs
501 2883 524 2906 il
547 2886 612 2907 testo
638 2884 668 2907 di
692 2885 727 2908 R.
746 2884 760 2907 ὲ
779 2884 906 2916 migliore
925 2885 956 2908 da·
973 2885 1060 2916 quello
1079 2885 1126 2909 del
1142 2883 1243 2910 MAusr

495 3020 502 3035 ⁴
524 3022 616 3051 Exod„
636 3021 696 3052 XII,
715 3030 739 3054 4,
761 3024 843 3055 Regu,
862 3022 963 3054 XXIV,
983 3029 1007 3053 2,
1021 3024 1128 3054 Paral.‚
1141 3024 1257 3055 XXXV,
1274 3032 1296 3050 1.
1440 3024 1451 3042 ²
1470 3026 1579 3057 MATR„
1598 3025 1701 3058 xvm,
1721 3034 1763 3052 ιο.
