2320 3444
155 3058 164 3078 ¹
184 3061 257 3088 eod.
275 3063 397 3089 hesitant.

824 261 1161 300 PREFAZIONE

574 394 633 428 Sic
656 401 834 429 recreatus
855 406 898 428 ex
921 405 1026 428 carne
1048 395 1200 434 Domini,

618 448 800 492 particeps
822 449 937 482 factus
961 455 996 482 et
1019 448 1092 481 eius
1115 449 1275 493 sanguini

615 502 710 545 Eger
732 508 771 536 ut
793 513 898 540 eram,
922 502 1044 534 diuino
1068 502 1200 535 nomini

617 555 754 589 Gratias
777 556 834 598 egi
857 555 934 587 Deo
957 560 993 587 et
1016 555 1161 588 homini.

573 609 659 642 Inde
682 614 827 642 testatus
849 618 923 641 sum
948 618 1018 640 non
1041 614 1079 641 ut
1101 609 1198 642 uolui

615 662 668 694 De
692 661 792 695 bonis
815 662 914 700 meis,
936 667 988 694 set
1011 661 1100 694 sicut
1109 662 1232 705 sspotui,

615 715 700 747 Mox
723 721 965 748 consternatus
987 715 1080 748 lecto
1102 716 1260 757 recubui,

615 767 660 800 Et
683 778 749 801 nec
771 768 808 800 in
829 773 940 801 totum
963 774 1089 801 cuncta
1112 768 1278 811 disposui.

571 821 651 854 Hoc
672 822 846 854 intuentes
869 831 989 855 omnes
1011 822 1071 864 qui
1093 822 1249 860 aderant,

616 874 723 913 Quod
745 874 828 906 mihi
851 874 901 908 ita
923 874 1014 907 uires
1037 875 1254 913 defecerant,

613 928 667 961 De
690 939 745 961 me
769 928 942 966 diffidunt,
965 933 1001 961 et
1022 928 1104 961 satis
1127 928 1251 961 esitant
1265 927 1286 967 ¹,

614 981 787 1025 Tuncque
811 980 942 1014 debere
966 992 1022 1014 me
1045 982 1134 1014 mori
1155 986 1342 1014 autumant.

570 1036 673 1068 Tunc
696 1035 756 1078 qui
777 1045 851 1067 sum
874 1035 967 1068 uisus
989 1035 1066 1068 fore
1089 1035 1256 1075 deterior,

614 1088 654 1122 In
677 1088 737 1121 illa
759 1087 816 1121 die
839 1089 952 1122 factm
974 1099 1049 1121 sum
1071 1088 1211 1125 melion

613 1142 673 1185 Fit
693 1151 833 1186 quoque
856 1142 996 1175 morbus
1018 1142 1153 1175 ualidus
1177 1142 1296 1181 leuior,

613 1194 673 1228 Me
696 1195 851 1228 uisitanti
873 1196 918 1229 de
942 1205 1010 1238 quo
1033 1196 1218 1239 regratior.

571 1249 636 1282 Die
660 1255 801 1291 paratur
823 1259 916 1282 nono
940 1249 1142 1289 elleborum,
1157 1248 1169 1267 ²

614 1302 725 1335 Dulce
749 1303 842 1346 quod
858 1313 927 1336 non
944 1308 996 1335 est
1011 1308 1047 1335 ut
1063 1302 1131 1335 mel
1149 1309 1207 1336 aut
1221 1313 1416 1336 zuccarum.

614 1355 722 1394 Quod
744 1356 988 1400 magistrorum
1011 1362 1155 1399 propter
1177 1357 1403 1390 ministerium

614 1408 703 1442 Mihi
726 1410 906 1442 confertur
927 1410 964 1442 in
987 1410 1219 1454 refrigerium.

569 1463 610 1495 In
633 1462 720 1496 tanti
742 1463 827 1495 mihi
851 1473 956 1496 causa
978 1463 1129 1506 periculi

614 1516 706 1549 Satis
728 1516 767 1550 id
790 1516 936 1550 contulit
959 1516 1179 1555 adminiculi3

613 1569 704 1603 Nam
725 1575 809 1603 tunc
832 1570 963 1614 egressi
986 1571 1022 1603 ui
1045 1571 1170 1614 sumpti
1193 1571 1313 1614 poculi

612 1623 698 1657 Mox
721 1623 892 1656 leniantur
915 1629 950 1656 et
972 1624 1071 1657 frons
1095 1630 1130 1656 et
1153 1624 1256 1657 oculi.

568 1676 632 1710 Est
653 1686 722 1720 que
746 1682 830 1710 tunc
854 1683 930 1710 erat
951 1683 1074 1710 nature
1097 1677 1168 1710 filia

613 1729 735 1763 Carior
757 1730 840 1762 mihi
869 1741 972 1774 quam
995 1731 1111 1774 campi
1134 1731 1219 1770 lilia,

614 1782 730 1822 Quam
753 1783 799 1817 ad
823 1794 981 1817 carorum
1003 1795 1088 1818 sana
1111 1785 1258 1818 consilia

611 1837 820 1882 Legitimaui
844 1838 890 1871 ad
912 1838 1090 1880 optabilia.

566 1889 614 1923 Et
638 1890 846 1933 desponsaui
869 1898 1013 1925 matrem
1037 1892 1179 1925 realiter

612 1943 657 1977 Et
679 1954 796 1978 coram
819 1945 936 1979 multis
957 1946 1216 1988 presentialiter

611 1997 764 2030 Anulum
787 1997 880 2041 dedi,
905 1999 1061 2032 osculum
1083 2000 1224 2042 pariter,

611 2050 733 2085 Uoluit
755 2051 850 2085 Deus
872 2053 934 2091 sic,
959 2058 995 2087 et
1016 2052 1225 2096 nonjsaliter.

569 2103 626 2138 Oh
648 2105 714 2137 Dei
737 2105 804 2138 mei
827 2106 1102 2148 omnipotentia!

613 2158 708 2202 Erga
730 2170 785 2191 me
809 2159 876 2192 fuit
899 2165 1029 2203 quanta
1053 2159 1251 2199 clementia,

613 2211 684 2251 Qui
708 2211 819 2245 morbi
842 2218 952 2246 mutas
975 2213 1043 2246 hec
1066 2214 1263 2247 accidentia

611 2264 737 2298 Insane
761 2266 885 2298 mentis
908 2267 1201 2300 conualescentia.

568 2317 644 2351 Hec
667 2324 726 2352 tua
747 2319 832 2351 mihi
856 2320 924 2352 fuit
946 2320 1140 2364 indignatio

611 2371 693 2404 Non
716 2373 878 2416 egritudo
902 2374 963 2406 sed
984 2373 1146 2413 uisitatio,

610 2425 751 2458 Utinam
774 2436 838 2469 per
859 2432 893 2459 te
917 2427 961 2460 eit
984 2428 1194 2468 emendatio,

611 2477 728 2517 Quem
751 2479 856 2512 decet
879 2480 1088 2514 christianus
1112 2487 1146 2514 et
1168 2481 1392 2516 collaudatio.

568 2531 639 2571 Qui
661 2531 831 2566 releuauit
854 2533 985 2575 lapsum
1007 2533 1066 2577 qui
1090 2534 1232 2574 cecidit,

612 2583 673 2617 Me
698 2586 880 2630 castigauit
902 2597 968 2620 nec
991 2587 1094 2621 morti
1117 2587 1280 2627 tradidit;

611 2637 666 2671 Illi
688 2638 896 2678 Riccardus,
920 2650 1023 2683 quem
1045 2641 1117 2674 uite
1139 2641 1302 2683 reddidit,

610 2691 846 2736 Regratiatur,
870 2693 928 2738 qui
952 2700 1063 2728 metra
1086 2694 1258 2728 condidit.

568 2744 623 2777 Illi
645 2745 689 2778 sit
711 2745 832 2786 honor,
855 2747 965 2780 uirtus
987 2753 1022 2780 et
1044 2748 1166 2791 gloria,

612 2797 753 2832 Summa
774 2805 937 2842 potestas,
960 2811 1092 2834 summa
1114 2802 1279 2841 uictoria3

613 2851 679 2884 Cui
702 2862 793 2886 mors
816 2859 851 2886 et
873 2854 945 2887 uita
966 2854 1098 2894 fauent,
1122 2861 1157 2888 et
1179 2856 1295 2889 omnia

611 2904 712 2938 Uiuit
733 2912 768 2939 et
789 2912 912 2950 regnat
935 2907 1030 2941 Deus
1053 2907 1087 2940 in
1111 2909 1241 2942 secula.

1826 261 1913 297 LIII

1115 3065 1126 3082 ²
1145 3067 1197 3092 Per
1216 3067 1382 3092 rlsollevare
1402 3066 1478 3100 dagli
1500 3068 1593 3092 umori
1614 3067 1810 3092 malinconici.
