2320 3444
217 1706 239 1724 e.
252 1701 291 1722 ηδ
298 1706 311 1721 r

388 228 433 263 84
844 223 1123 260 RYCCARDI
1151 222 1221 257 DE
1246 221 1462 257 SANCTO
1491 221 1762 278 GERMANO

2059 226 2110 264 [A.
2130 227 2224 264 12201

389 361 403 378 “
417 370 478 392 nos
501 358 731 401 F[redericus]
756 357 819 389 Dei
852 356 964 400 gratia
987 355 1224 388 Romanorum

389 415 476 445 “rex
499 421 635 454 semper
664 416 830 453 augustus
863 415 897 441 et
926 419 987 441 rex
1010 407 1133 441 Sicilie
1157 408 1224 441 hac

389 467 402 484 ‘⁴
415 465 555 498 edictali
570 465 648 507 lege
664 464 838 496 irritamus
853 469 888 495 et
903 461 1114 504 precipimus
1125 461 1226 493 irrita

389 521 402 537 “
416 518 567 551 nuntiari
591 516 705 549 omnia
734 521 862 548 statuta
886 521 921 548 et
944 514 1224 552 consuetudines,

389 573 482 614 “que
520 570 680 603 ciuitates
702 569 758 602 uel
788 570 875 607 loca,
906 573 1106 610 potestates,
1142 577 1226 600 con-

389 625 506 656 “sules
528 623 584 656 uel
615 632 832 666 quecumque
863 622 931 654 alie
962 631 1110 664 persone
1142 631 1225 653 con-

390 679 469 709 “tra
501 676 682 709 libertates
712 675 939 708 ecclesiarum
970 675 1028 707 uel
1058 684 1226 716 personas

390 730 675 763 “ecclesiasticas
699 729 802 762 edere
826 729 884 761 uel
914 738 1053 760 seruare
1079 733 1227 771 tempta-

389 785 404 801 “
416 789 495 816 runt
506 783 672 816 aduersus
683 792 834 816 canones
846 782 903 814 uel
914 781 1112 824 imperiales
1124 791 1227 813 sanc-

390 838 404 854 “
417 837 538 875 tiones,
561 843 596 869 et
618 847 676 868 eas
699 835 742 868 de
767 834 1017 878 capitularibus
1039 834 1110 866 suis
1133 834 1227 866 infra

389 890 504 924 “duos
536 900 671 922 menses
703 894 784 932 post
817 889 920 921 huius
953 887 1226 931 publicationem

390 945 404 962 “
416 943 523 976 edicti
545 943 748 976 mandamus
770 942 907 985 penitus
924 941 1069 981 aboleri,
1086 946 1122 973 et
1137 940 1166 973 si
1181 939 1227 973 de

387 997 401 1014 ‘⁴
416 1003 533 1030 cetero
563 996 687 1029 similia
716 995 1009 1038 attemptauerint,
1039 995 1116 1037 ipso
1150 994 1226 1026 iure

389 1053 403 1068 ⁸
417 1050 635 1084 decreuimus
658 1059 734 1082 esse
764 1049 869 1088 nulla,
900 1060 959 1081 eas
987 1059 1048 1081 sua
1069 1048 1228 1081 iurisdic-

387 1106 402 1121 “
416 1105 508 1137 tione
531 1103 719 1146 priuantes,
742 1102 916 1146 superiori
938 1103 1094 1145 protinus
1116 1101 1227 1144 appli-

390 1159 405 1175 “
419 1158 542 1200 canda,
558 1167 623 1191 nec
639 1168 710 1189 non
726 1157 842 1190 locum
854 1157 913 1189 ubi
930 1156 1012 1189 talia
1028 1161 1229 1198 presumpta

390 1213 405 1230 “
418 1211 550 1244 fuerint
573 1212 688 1244 banno
701 1211 796 1243 mille
809 1221 1004 1243 marcarum
1016 1209 1228 1252 precipimus

392 1265 610 1298 “subiacere
631 1264 824 1297 Potestates
846 1274 941 1301 uero,
959 1263 1129 1301 consules,
1152 1273 1228 1295 rec-

392 1320 523 1361 “tores‚
557 1317 725 1351 statutarii
757 1323 791 1350 et
824 1317 1014 1359 scriptores
1052 1317 1226 1349 dictorum

392 1373 633 1409 “statutorum‚
663 1381 728 1403 nec
759 1381 827 1404 non
859 1369 1046 1403 consiliarii
1076 1370 1229 1412 ipsorum

393 1424 573 1458 “locorum
597 1429 632 1457 et
655 1425 713 1467 qui
735 1425 925 1457 secundum
949 1429 1076 1456 statuta
1092 1429 1127 1456 et
1149 1432 1230 1455 con-

390 1478 404 1495 “
420 1477 619 1511 suetudines
649 1483 855 1510 memoratas
889 1477 1127 1510 iudicauerint
1160 1476 1229 1508 sint

393 1533 466 1564 “ex
487 1537 570 1564 tunc
593 1531 671 1573 ipso
693 1531 769 1563 iure
792 1531 951 1569 insama,
983 1541 1129 1573 quorum
1152 1540 1230 1563 sen-

392 1584 406 1601 “
420 1585 543 1618 tentias
567 1591 600 1617 et
624 1591 719 1617 actus
742 1584 828 1617 alios
850 1584 1023 1628 legitimos
1052 1584 1231 1617 statuimus

395 1640 408 1656 ‘⁴
422 1638 642 1682 aliquatenus
663 1648 732 1671 non
756 1644 885 1671 tenere.
909 1637 1046 1677 Quodsi
1077 1648 1143 1680 per
1171 1648 1230 1669 an-

393 1691 408 1708 “
422 1703 502 1724 num
525 1692 627 1725 huius
650 1698 766 1725 nostre
798 1691 1062 1725 constitu'tionis
1098 1691 1228 1724 inuenti

393 1745 551 1778 “fuerint
587 1750 854 1788 contemptores,
891 1744 985 1778 bona
1016 1754 1135 1778 eorum
1167 1755 1231 1788 per

394 1801 529 1832 “totum
552 1805 705 1832 nostrum
728 1799 912 1842 imperium
936 1798 1139 1831 mandamus
1168 1798 1229 1830 im-

394 1853 512 1895 “pune
537 1852 580 1885 ab
605 1852 764 1886 omnibus
787 1852 966 1895 occupari,
989 1851 1094 1885 saluis
1118 1851 1229 1884 nichi-

394 1904 567 1939 “lominus
588 1906 688 1948 penis
711 1905 787 1938 aliis
809 1911 932 1938 contra
955 1905 1041 1938 tales
1071 1905 1106 1937 in
1129 1905 1232 1939 Late-

393 1959 558 1992 “ranensi
581 1959 730 1992 concilio
753 1959 990 2003 promulgatis.

481 2013 591 2046 “Item
614 2013 790 2046 statuimus
819 2018 856 2045 ut
886 2012 981 2046 nulla
1004 2013 1231 2046 communitas

390 2067 405 2082 ⁸
420 2066 476 2098 uel
498 2076 647 2108 persona
669 2065 810 2108 publica
825 2066 881 2099 uel
904 2067 1041 2109 priuata
1065 2066 1232 2099 collectas

393 2121 407 2136 “
420 2119 492 2151 siue
516 2119 727 2157 exactiones,
750 2119 912 2163 angarias
934 2119 990 2152 uel
1007 2119 1232 2163 perangarias

393 2172 576 2205 “ecclesiis
600 2173 745 2217 aliisque
768 2173 835 2216 piis
857 2173 944 2206 locis
974 2179 1035 2206 aut
1064 2172 1232 2206 ecclesia-

392 2226 514 2258 “sticis
536 2226 692 2268 personis
716 2227 879 2268 imponat.
904 2226 1012 2266 Quod
1035 2227 1063 2259 si
1080 2226 1232 2259 fecerint

392 2279 406 2295 ‘⁶
418 2284 452 2310 et
475 2279 632 2322 requisiti
649 2279 694 2312 ab
710 2279 862 2312 ecclesia
877 2280 934 2312 uel
951 2279 1098 2322 imperio
1116 2288 1233 2311 emen-

392 2334 500 2366 “dare
524 2335 805 2376 contempserint,
829 2334 970 2378 triplum
989 2334 1179 2366 refundant
1195 2340 1233 2367 et

391 2388 405 2404 ‘⁴
419 2386 663 2419 nichilominus
685 2387 800 2420 banno
824 2387 995 2430 imperiali
1018 2387 1234 2425 subiaceant,

392 2441 407 2457 ⁴⁴
420 2441 514 2483 quod
543 2441 673 2484 absque
702 2441 940 2474 satisfactione
971 2441 1090 2474 debita
1120 2440 1232 2473 nulla-

393 2491 408 2510 “
420 2498 519 2525 tenus
542 2494 744 2527 remittatur.

480 2548 495 2564 ‘⁴
507 2547 592 2579 Item
604 2558 821 2591 quecumque
836 2548 1064 2581 communitas
1080 2547 1138 2579 uel
1155 2557 1233 2590 per-

394 2601 504 2632 “sona
540 2610 603 2642 per
640 2611 767 2633 annum
804 2601 840 2633 in
871 2601 1230 2634 excommunicatione

394 2654 562 2695 “propter
585 2653 771 2686 ecclesiam
788 2654 917 2687 factam
932 2654 1133 2696 perstiterit,
1157 2653 1234 2697 ipso
1256 2677 1260 2681 <

396 2705 496 2738 “iure
529 2706 705 2749 imperiali
738 2707 854 2740 banno
888 2707 1077 2745 subiaceat,
1112 2718 1133 2739 a
1162 2717 1232 2750 quo

396 2760 410 2775 “
424 2759 618 2792 nullatenus
649 2761 858 2799 extrahatur,
890 2760 958 2792 nisi
989 2760 1085 2803 prius
1108 2759 1153 2792 ab
1177 2770 1234 2793 ec-

397 2813 411 2828 “
425 2812 529 2844 clesia
552 2813 657 2845 fuerit
680 2813 867 2846 absolutus.

483 2865 497 2880 “
513 2864 699 2898 Statuimus
729 2867 832 2900 etiam
862 2873 900 2899 ut
930 2866 1044 2900 nullus
1066 2866 1233 2900 ecclesia-

486 2995 570 3021 14-15.
592 2990 807 3016 iurisdictiones
829 2993 892 3017 Cod.

1294 834 1333 866 10

1295 1102 1332 1136 15

1292 1373 1334 1404 20

1293 1639 1334 1672 25

1295 1908 1337 1941 30

1296 2173 1336 2207 35

1298 2707 1338 2739 45

1383 353 1534 386 neralem
1552 363 1616 396 pro
1632 352 1724 386 bono
1740 358 1831 386 statu
1847 353 1965 398 Regni
1993 364 2071 388 suas
2085 354 2229 388 ascisias
2236 354 2317 402 Aust]

1383 407 1628 451 promulgauit,
1644 418 1713 451 que
1735 406 1800 440 sub
1822 406 1946 451 uiginti
1965 406 2128 450 capitulis
2143 418 2225 442 con·
2246 418 2250 424 '
2276 419 2279 423 ’

1383 461 1546 494 tinentur.

2227 438 2292 466 re·

2246 462 2288 485 eat.
