2320 3444
114 219 166 256 ιιι.
187 219 280 254 1224]
889 210 1179 248 CHRONicA
1877 208 1947 243 119

68 346 73 350 f
118 345 240 389 ‘quod
263 355 323 379 eos
346 345 557 388 contingerit
578 344 739 388 proprias
761 354 821 377 eos
835 343 957 377 statui-

66 411 71 427 .·
117 400 219 432 “mus
240 398 377 432 soluere
399 398 588 442 portiones,
619 397 726 431 nichil
755 408 819 440 pro
845 397 957 431 eccle-

118 451 294 485 ‘siasticis
323 451 574 494 persoluentes.
622 451 788 484 Ceterum
817 462 862 483 ne
892 460 956 493 per

63 523 77 548 i,
118 504 341 537 “huiusmodi
364 503 559 536 libertatem
583 502 743 535 ecclesiis
773 508 808 535 et
837 513 956 535 mona-

61 574 68 583 1-
117 559 133 576 ⁸
145 558 259 591 steriis
274 563 447 600 prestetur
469 557 615 590 materia
629 557 788 589 homines
803 556 956 590 demanii
1041 554 1059 586 5

58 631 59 634 =
117 611 254 644 ‘nostri
276 617 311 643 et
332 611 501 644 baronum
517 617 711 643 nostrorum
727 610 762 642 in
777 619 954 642 recomen-

118 665 248 698 ‘datos
279 670 313 697 et
343 655 551 698 affidaturos
581 664 738 706 recipere
768 669 803 696 et
824 668 956 700 tenere,

118 718 288 751 “firmiter
310 717 507 750 inhibemus
529 727 573 750 ne
605 717 712 759 aliqui
741 716 866 759 prelati
895 727 956 748 seu

62 778 63 781 ’
117 773 133 790 “
146 771 291 804 abbates
313 771 408 813 ipsos
430 770 477 803 ad
500 780 619 802 eorum
641 775 752 802 terras
768 780 828 802 seu
844 769 956 802 domi-

116 825 132 846 *
144 825 240 858 nium
257 825 432 868 fugientes
446 824 604 866 recipere
621 824 772 856 audeant
787 833 847 855 seu
861 828 957 855 tene-
1022 821 1061 852 10

55 876 59 893 ²¹
118 879 194 916 “re,
218 884 254 912 et
276 888 363 921 quos
385 883 463 920 post
483 876 672 919 supradicti
695 875 786 919 regis
809 875 956 918 W[illel-

57 948 62 967 ;
118 931 206 973 ‘mJi
231 932 364 964 obitum
386 935 604 972 receperant,
627 929 704 962 sine
727 929 842 972 aliqua
872 939 954 962 con-

117 986 133 1004 ⁴‘
146 985 324 1018 trarietate
347 984 542 1017 dimictant.
588 982 662 1015 Illis
691 993 776 1015 uero
802 983 956 1025 prelatis,

117 1038 270 1082 “quibus
300 1037 386 1071 licet
416 1037 460 1069 de
490 1035 635 1079 speciali
658 1036 770 1080 gratia
799 1036 957 1069 felicium

118 1091 261 1136 “Regni
290 1091 578 1134 predecessorum
609 1096 804 1123 nostrorum
840 1100 958 1122 omnes
1023 1086 1060 1120 15

118 1145 289 1178 “francos
310 1143 344 1176 in
367 1143 455 1177 locis
477 1143 547 1176 suis
569 1143 729 1185 recipere
760 1149 795 1176 et
825 1143 956 1176 habere

118 1198 357 1241 “precipimus
387 1196 482 1240 quod
512 1207 591 1230 cum
613 1207 655 1229 ea
676 1196 901 1240 prouidentia
923 1203 958 1228 et

118 1253 134 1269 ‘⁸
146 1250 386 1284 moderatione
409 1255 550 1282 utantur
573 1250 618 1283 de
636 1255 754 1282 cetero
769 1249 881 1294 gratia
896 1259 958 1281 no-

117 1306 132 1323 “
146 1304 288 1343 minata,
303 1309 343 1336 ut
357 1301 571 1336 audientiam
587 1309 740 1336 nostram
763 1303 858 1336 iuxta
873 1313 955 1346 que-

117 1357 326 1390 “rimoniam
356 1367 427 1390 non
459 1357 636 1394 ascendat,
672 1357 771 1390 cuius
803 1362 958 1399 pretestu
1021 1357 1063 1388 20

118 1411 324 1453 “possemus
360 1408 557 1442 huiusmodi
594 1410 741 1452 gratiam
778 1419 956 1442 reuocare.

118 1464 134 1482 ⁸
148 1462 230 1502 Quo
245 1463 342 1496 circa
357 1463 515 1496 fidelitati
530 1469 646 1495 uestre
662 1462 820 1495 districte
843 1462 956 1505 preci-

119 1516 275 1560 “piendo
305 1516 508 1549 mandamus
534 1523 704 1559 quatenus
724 1526 868 1559 presens
890 1521 959 1548 sta-

119 1571 134 1588 “
145 1569 280 1612 [tultum
304 1575 457 1603 nostrum
474 1580 537 1613 per
553 1579 672 1602 omnes
686 1575 797 1602 terras
811 1576 881 1603 tam
899 1570 959 1603 de-

118 1623 253 1656 ‘manii
287 1623 396 1656 nostri
426 1634 528 1666 quam
559 1623 728 1656 baronum
762 1628 958 1655 nostrorum
1020 1622 1062 1656 25

118 1676 387 1710 “Iustitiariatus
417 1676 524 1709 uestri
554 1676 727 1719 publicari
757 1676 894 1709 faciatis
925 1682 960 1709 et

53 1760 62 1774 ,V
118 1732 134 1748 ⁸
145 1729 395 1763 inuiolabiliter
410 1729 598 1767 obseruari,
609 1730 780 1762 uniuersis
794 1729 960 1763 ministris

61 1787 63 1790 ⁴
118 1784 274 1817 “nostris
296 1782 359 1816 sub
383 1782 528 1816 obtentu
550 1784 663 1826 gratie
685 1788 802 1816 nostre
818 1783 959 1815 firmiter

120 1835 136 1854 ‘⁴
146 1836 373 1880 iniungendo,
385 1842 423 1869 ut
434 1837 527 1869 istud
537 1836 589 1868 illi
602 1835 760 1869 similiter
770 1836 960 1870 obseruent

118 1891 133 1908 “
146 1895 182 1922 et
204 1890 242 1922 in
263 1889 361 1922 nullo
384 1890 627 1923 contrauenire
643 1895 852 1932 presumant,
868 1890 959 1922 sicut
1022 1892 1064 1923 30

118 1941 424 1986 “indignationem
447 1949 599 1975 nostram
623 1943 768 1986 cupiunt
790 1943 933 1975 euitare.

205 1995 219 2012 ⁸
234 1996 361 2029 Datum
383 1995 552 2029 Cathanie
575 1995 692 2028 xxv1.⁰
713 1995 864 2030 Ianuarii
880 2000 961 2028 2:11.e

119 2048 352 2082 “indictionis
364 2073 379 2089 ‚‚
387 2073 395 2082 .

201 2102 279 2136 Hoc
295 2112 387 2136 anno
403 2102 594 2146 Imperator
609 2103 741 2146 recepit
756 2102 961 2136 Mineanum

58 2159 59 2162 ’
112 2156 150 2189 in
180 2156 377 2190 demanium
399 2166 496 2188 suum
510 2155 530 2188 ¹.
572 2156 720 2199 [MJense
748 2155 962 2199 Septembris
1024 2157 1065 2191 35

113 2210 254 2243 mandat
275 2209 434 2243 dominus
457 2209 650 2253 Imperator
671 2210 885 2243 tantumdem
917 2210 961 2242 de

113 2268 207 2296 terra
229 2262 340 2296 sancti
355 2261 538 2296 Benedicti
561 2262 691 2306 colligi,
707 2269 873 2307 quantum
891 2263 960 2296 col-

112 2316 242 2350 lectum
267 2317 332 2348 tuit
355 2316 392 2348 in
415 2316 584 2358 preterito
600 2326 718 2350 mense
735 2316 897 2355 Ianuarii,
912 2317 963 2350 ui-

113 2370 242 2403 delicet
265 2375 438 2403 trecentas
461 2369 582 2402 uncias
597 2370 672 2402 auri
688 2381 753 2413 pro
769 2370 866 2403 facto
882 2370 962 2403 Sar-

48 2455 51 2467 ,γ
113 2432 316 2456 racenorum
339 2421 471 2464 Sicilie,
494 2433 638 2466 quorum
662 2422 772 2456 maior
793 2433 874 2465 pars
902 2433 961 2456 ue·
1026 2427 1068 2459 40

113 2481 215 2509 nerat
236 2475 283 2509 ad
298 2476 497 2509 mandatum
514 2485 623 2514 suum,
638 2475 828 2508 maioribus
842 2481 964 2509 tenen-

47 2538 66 2567 ξ,
114 2529 207 2563 tibus
229 2541 266 2563 se
289 2534 412 2562 contra
426 2529 534 2561 illum.
579 2527 740 2561 Marchio
764 2529 963 2563 Montisfer-

114 2582 181 2616 rati
204 2593 282 2616 cum
306 2582 463 2615 exercitu
485 2581 634 2614 militum
650 2581 854 2622 electorum,
876 2594 963 2627 quos

115 2635 151 2668 in
170 2634 418 2669 Lombardiam
441 2641 478 2668 et
492 2635 656 2668 Tusciam
674 2643 963 2680 congregauerat,

116 2688 151 2721 in
173 2689 334 2732 Apuliam
367 2689 553 2722 descendit
584 2699 688 2721 causa
717 2689 964 2723 transfretandi
1027 2692 1067 2725 45

205 2828 229 2855 7.
249 2823 378 2848 affidatos
397 2823 492 2849 Gau».
513 2836 546 2841 —-
574 2829 616 2856 ¹7·
640 2822 846 2856 provvidentia
865 2823 963 2850 Gmm.

117 2880 151 2886 —-
169 2873 211 2899 ²⁵-
232 2869 324 2893 nostrl
338 2875 388 2894 non
401 2869 489 2894 vestrl
506 2868 571 2894 Cod.
586 2880 619 2886 -
633 2875 675 2900 34.
689 2867 852 2894 Minimum
866 2867 962 2897 GAvn.

222 3000 230 3018 ¹
251 3002 390 3035 Mignano
408 3003 439 3029 in
459 3003 547 3028 Terra
567 3003 596 3028 di
615 3002 738 3029 Lavoro.

115 289 137 297 .-
138 283 1935 295 .................................................................................................................................................................................................
1937 283 1949 287 -
