<?xml version="1.0" encoding="UTF-8"?>
<!DOCTYPE html PUBLIC "-//W3C//DTD XHTML 1.0 Transitional//EN"
    "http://www.w3.org/TR/xhtml1/DTD/xhtml1-transitional.dtd">
<html xmlns="http://www.w3.org/1999/xhtml" xml:lang="en" lang="en">
 <head>
  <title>
</title>
<meta http-equiv="Content-Type" content="text/html;charset=utf-8" />
  <meta name='ocr-system' content='tesseract 3.04.00' />
  <meta name='ocr-capabilities' content='ocr_page ocr_carea ocr_par ocr_line ocrx_word'/>
</head>
<body>
  <div class='ocr_page' id='page_1' title='image "./rerumitalicarums72murauoft_0199.png"; bbox 0 0 2320 3444; ppageno 0'>
   <div class='ocr_carea' id='block_1_1' title="bbox 33 363 943 1211">
    <p class='ocr_par' dir='ltr' id='par_1_1' title="bbox 46 363 943 731">
     <span class='ocr_line' id='line_1_1' title="bbox 51 363 942 407; baseline 0.002 -11"><span class='ocrx_word' id='word_1_1' title='bbox 51 401 54 402; x_wconf 19' lang='lat'><em>⁷</em></span> <span class='ocrx_word' id='word_1_2' title='bbox 187 363 386 406; x_wconf 82' lang='lat' dir='ltr'><strong>Passagium</strong></span> <span class='ocrx_word' id='word_1_3' title='bbox 409 363 506 397; x_wconf 86' lang='lat' dir='ltr'><strong>dabit</strong></span> <span class='ocrx_word' id='word_1_4' title='bbox 528 364 603 406; x_wconf 89' lang='lat' dir='ltr'><strong>ipse</strong></span> <span class='ocrx_word' id='word_1_5' title='bbox 627 364 830 407; x_wconf 82' lang='lat' dir='ltr'><strong>Imperator,</strong></span> <span class='ocrx_word' id='word_1_6' title='bbox 846 365 873 398; x_wconf 90' lang='lat' dir='ltr'><strong>si</strong></span> <span class='ocrx_word' id='word_1_7' title='bbox 889 375 942 398; x_wconf 86' lang='lat' dir='ltr'><strong>ue-</strong></span> 
     </span>
     <span class='ocr_line' id='line_1_2' title="bbox 100 416 943 461; baseline 0.001 -11.951"><span class='ocrx_word' id='word_1_8' title='bbox 100 417 191 450; x_wconf 83' lang='lat' dir='ltr'><strong>nerit</strong></span> <span class='ocrx_word' id='word_1_9' title='bbox 214 416 250 448; x_wconf 86' lang='lat' dir='ltr'><strong>in</strong></span> <span class='ocrx_word' id='word_1_10' title='bbox 272 417 383 459; x_wconf 89' lang='lat' dir='ltr'><strong>primo</strong></span> <span class='ocrx_word' id='word_1_11' title='bbox 406 418 567 461; x_wconf 82' lang='lat' dir='ltr'><strong>passagio</strong></span> <span class='ocrx_word' id='word_1_12' title='bbox 590 418 646 450; x_wconf 87' lang='lat' dir='ltr'><strong>uel</strong></span> <span class='ocrx_word' id='word_1_13' title='bbox 669 418 706 450; x_wconf 87' lang='lat' dir='ltr'><strong>in</strong></span> <span class='ocrx_word' id='word_1_14' title='bbox 730 418 865 451; x_wconf 89' lang='lat' dir='ltr'><strong>duobus</strong></span> <span class='ocrx_word' id='word_1_15' title='bbox 891 429 943 450; x_wconf 88' lang='lat' dir='ltr'><strong>se-</strong></span> 
     </span>
     <span class='ocr_line' id='line_1_3' title="bbox 63 469 942 516; baseline 0.001 -14"><span class='ocrx_word' id='word_1_16' title='bbox 63 499 65 502; x_wconf 86' lang='lat'><em>.</em></span> <span class='ocrx_word' id='word_1_17' title='bbox 99 469 284 514; x_wconf 86' lang='lat' dir='ltr'><strong>quentibus</strong></span> <span class='ocrx_word' id='word_1_18' title='bbox 298 471 477 516; x_wconf 76' lang='lat' dir='ltr'>passagiis,</span> <span class='ocrx_word' id='word_1_19' title='bbox 494 471 626 505; x_wconf 90' lang='lat' dir='ltr'><strong>duobus</strong></span> <span class='ocrx_word' id='word_1_20' title='bbox 648 471 785 504; x_wconf 87' lang='lat' dir='ltr'><strong>milibus</strong></span> <span class='ocrx_word' id='word_1_21' title='bbox 800 472 942 504; x_wconf 87' lang='lat' dir='ltr'><strong>militum</strong></span> 
     </span>
     <span class='ocr_line' id='line_1_4' title="bbox 63 519 943 568; baseline 0 -11"><span class='ocrx_word' id='word_1_22' title='bbox 63 519 69 530; x_wconf 69' lang='lat'><strong>²</strong></span> <span class='ocrx_word' id='word_1_23' title='bbox 99 529 135 557; x_wconf 74' lang='lat' dir='ltr'><strong>et</strong></span> <span class='ocrx_word' id='word_1_24' title='bbox 158 524 298 556; x_wconf 73' lang='lat' dir='ltr'><strong>famulis</strong></span> <span class='ocrx_word' id='word_1_25' title='bbox 321 525 534 564; x_wconf 88' lang='lat' dir='ltr'><strong>eorumdem,</strong></span> <span class='ocrx_word' id='word_1_26' title='bbox 557 532 592 558; x_wconf 89' lang='lat' dir='ltr'><strong>et</strong></span> <span class='ocrx_word' id='word_1_27' title='bbox 614 536 678 568; x_wconf 87' lang='lat' dir='ltr'><strong>pro</strong></span> <span class='ocrx_word' id='word_1_28' title='bbox 702 525 811 558; x_wconf 86' lang='lat' dir='ltr'><strong>milite</strong></span> <span class='ocrx_word' id='word_1_29' title='bbox 835 524 943 558; x_wconf 90' lang='lat' dir='ltr'><strong>tribus</strong></span> 
     </span>
     <span class='ocr_line' id='line_1_5' title="bbox 53 577 943 620; baseline -0.001 -9.007"><span class='ocrx_word' id='word_1_30' title='bbox 53 587 60 596; x_wconf 71' lang='lat'><em>³</em></span> <span class='ocrx_word' id='word_1_31' title='bbox 98 578 199 620; x_wconf 82' lang='lat' dir='ltr'><strong>equis</strong></span> <span class='ocrx_word' id='word_1_32' title='bbox 222 577 326 610; x_wconf 89' lang='lat' dir='ltr'><strong>ducet</strong></span> <span class='ocrx_word' id='word_1_33' title='bbox 341 588 458 610; x_wconf 86' lang='lat' dir='ltr'><strong>secum</strong></span> <span class='ocrx_word' id='word_1_34' title='bbox 481 587 513 611; x_wconf 89' lang='lat' dir='ltr'><strong>c.</strong></span> <span class='ocrx_word' id='word_1_35' title='bbox 536 579 744 611; x_wconf 87' lang='lat' dir='ltr'><strong>chelandros</strong></span> <span class='ocrx_word' id='word_1_36' title='bbox 759 584 794 611; x_wconf 92' lang='lat' dir='ltr'><strong>et</strong></span> <span class='ocrx_word' id='word_1_37' title='bbox 810 578 943 611; x_wconf 86' lang='lat' dir='ltr'><strong>tenebit</strong></span> 
     </span>
     <span class='ocr_line' id='line_1_6' title="bbox 47 624 941 675; baseline -0.001 -11"><span class='ocrx_word' id='word_1_38' title='bbox 47 624 61 670; x_wconf 58' lang='lat' dir='ltr'><strong>s</strong></span> <span class='ocrx_word' id='word_1_39' title='bbox 98 629 159 672; x_wconf 83' lang='lat' dir='ltr'><strong>ibi,</strong></span> <span class='ocrx_word' id='word_1_40' title='bbox 181 631 211 663; x_wconf 89' lang='lat' dir='ltr'><strong>si</strong></span> <span class='ocrx_word' id='word_1_41' title='bbox 234 641 377 664; x_wconf 87' lang='lat' dir='ltr'><strong>necesse</strong></span> <span class='ocrx_word' id='word_1_42' title='bbox 403 631 508 664; x_wconf 77' lang='lat' dir='ltr'><strong>fuerit</strong></span> <span class='ocrx_word' id='word_1_43' title='bbox 538 642 602 674; x_wconf 89' lang='lat' dir='ltr'><strong>per</strong></span> <span class='ocrx_word' id='word_1_44' title='bbox 625 631 801 664; x_wconf 84' lang='lat' dir='ltr'>biennium</span> <span class='ocrx_word' id='word_1_45' title='bbox 827 642 859 664; x_wconf 83' lang='lat' dir='ltr'><strong>L.</strong></span> <span class='ocrx_word' id='word_1_46' title='bbox 883 642 941 675; x_wconf 84' lang='lat' dir='ltr'><strong>ga-</strong></span> 
     </span>
     <span class='ocr_line' id='line_1_7' title="bbox 46 683 553 718; baseline 0.004 -2"><span class='ocrx_word' id='word_1_47' title='bbox 46 690 57 694; x_wconf 80' lang='grc'><strong>’</strong></span> <span class='ocrx_word' id='word_1_48' title='bbox 99 683 172 717; x_wconf 81' lang='lat' dir='ltr'><strong>less</strong></span> <span class='ocrx_word' id='word_1_49' title='bbox 194 684 286 717; x_wconf 85' lang='lat' dir='ltr'><strong>bona</strong></span> <span class='ocrx_word' id='word_1_50' title='bbox 309 685 378 718; x_wconf 90' lang='lat' dir='ltr'><strong>fide</strong></span> <span class='ocrx_word' id='word_1_51' title='bbox 394 691 553 718; x_wconf 78' lang='lat' dir='ltr'><strong>armatas.</strong></span> 
     </span>
    </p>

    <p class='ocr_par' dir='ltr' id='par_1_2' title="bbox 33 737 942 1211">
     <span class='ocr_line' id='line_1_8' title="bbox 50 737 940 785; baseline 0 -14"><span class='ocrx_word' id='word_1_52' title='bbox 50 772 58 785; x_wconf 12' lang='grc' dir='ltr'><strong>ἵ,</strong></span> <span class='ocrx_word' id='word_1_53' title='bbox 189 737 297 776; x_wconf 87' lang='lat' dir='ltr'><strong>Quod</strong></span> <span class='ocrx_word' id='word_1_54' title='bbox 319 739 348 771; x_wconf 90' lang='lat' dir='ltr'><strong>si</strong></span> <span class='ocrx_word' id='word_1_55' title='bbox 371 739 488 783; x_wconf 86' lang='lat' dir='ltr'><strong>aliquo</strong></span> <span class='ocrx_word' id='word_1_56' title='bbox 522 745 679 782; x_wconf 88' lang='lat' dir='ltr'><strong>tempore</strong></span> <span class='ocrx_word' id='word_1_57' title='bbox 713 740 848 773; x_wconf 81' lang='lat' dir='ltr'><strong>biennii</strong></span> <span class='ocrx_word' id='word_1_58' title='bbox 871 750 940 772; x_wconf 89' lang='lat' dir='ltr'><strong>non</strong></span> 
     </span>
     <span class='ocr_line' id='line_1_9' title="bbox 50 793 942 834; baseline 0.001 -9.989"><span class='ocrx_word' id='word_1_59' title='bbox 50 811 54 834; x_wconf 74' lang='lat' dir='ltr'><strong>t</strong></span> <span class='ocrx_word' id='word_1_60' title='bbox 99 797 188 825; x_wconf 78' lang='lat' dir='ltr'><strong>esset</strong></span> <span class='ocrx_word' id='word_1_61' title='bbox 210 803 350 825; x_wconf 86' lang='lat' dir='ltr'><strong>necesse</strong></span> <span class='ocrx_word' id='word_1_62' title='bbox 365 793 445 826; x_wconf 88' lang='lat' dir='ltr'><strong>illas</strong></span> <span class='ocrx_word' id='word_1_63' title='bbox 460 794 583 832; x_wconf 87' lang='lat' dir='ltr'><strong>teneri,</strong></span> <span class='ocrx_word' id='word_1_64' title='bbox 598 793 655 826; x_wconf 91' lang='lat' dir='ltr'><strong>uel</strong></span> <span class='ocrx_word' id='word_1_65' title='bbox 670 793 699 825; x_wconf 88' lang='lat' dir='ltr'><strong>si</strong></span> <span class='ocrx_word' id='word_1_66' title='bbox 710 793 856 826; x_wconf 79' lang='lat' dir='ltr'><strong>forsitan</strong></span> <span class='ocrx_word' id='word_1_67' title='bbox 873 803 942 825; x_wconf 88' lang='lat' dir='ltr'><strong>non</strong></span> 
     </span>
     <span class='ocr_line' id='line_1_10' title="bbox 38 845 941 890; baseline 0.001 -13"><span class='ocrx_word' id='word_1_68' title='bbox 38 845 251 890; x_wconf 22' lang='lat' dir='ltr'><strong>·.⁵rpossent&#39;</strong></span> <span class='ocrx_word' id='word_1_69' title='bbox 276 846 424 878; x_wconf 87' lang='lat' dir='ltr'><strong>inueniri</strong></span> <span class='ocrx_word' id='word_1_70' title='bbox 457 846 641 879; x_wconf 87' lang='lat' dir='ltr'><strong>necessarii</strong></span> <span class='ocrx_word' id='word_1_71' title='bbox 673 852 862 889; x_wconf 82' lang='lat' dir='ltr'><strong>apparatus</strong></span> <span class='ocrx_word' id='word_1_72' title='bbox 884 856 941 878; x_wconf 89' lang='lat' dir='ltr'><strong>ea-</strong></span> 
     </span>
     <span class='ocr_line' id='line_1_11' title="bbox 40 898 940 943; baseline 0 -12"><span class='ocrx_word' id='word_1_73' title='bbox 40 898 55 925; x_wconf 80' lang='grc'><strong>-’</strong></span> <span class='ocrx_word' id='word_1_74' title='bbox 98 899 267 939; x_wconf 73' lang='lat' dir='ltr'><strong>tamdem,</strong></span> <span class='ocrx_word' id='word_1_75' title='bbox 303 899 558 933; x_wconf 77' lang='lat' dir='ltr'><strong>extimabantur</strong></span> <span class='ocrx_word' id='word_1_76' title='bbox 595 900 746 933; x_wconf 87' lang='lat' dir='ltr'><strong>fideliter</strong></span> <span class='ocrx_word' id='word_1_77' title='bbox 773 906 940 943; x_wconf 75' lang='lat' dir='ltr'><strong>sumptus,</strong></span> 
     </span>
     <span class='ocr_line' id='line_1_12' title="bbox 51 952 940 996; baseline 0 -12"><span class='ocrx_word' id='word_1_78' title='bbox 51 982 53 984; x_wconf 83' lang='lat'><em>.</em></span> <span class='ocrx_word' id='word_1_79' title='bbox 101 953 161 996; x_wconf 87' lang='lat' dir='ltr'><strong>qui</strong></span> <span class='ocrx_word' id='word_1_80' title='bbox 184 953 219 985; x_wconf 91' lang='lat' dir='ltr'><strong>in</strong></span> <span class='ocrx_word' id='word_1_81' title='bbox 244 953 294 986; x_wconf 86' lang='lat' dir='ltr'><strong>eis</strong></span> <span class='ocrx_word' id='word_1_82' title='bbox 315 953 477 986; x_wconf 86' lang='lat' dir='ltr'><strong>tenendis</strong></span> <span class='ocrx_word' id='word_1_83' title='bbox 499 953 689 986; x_wconf 83' lang='lat' dir='ltr'><strong>necessarii</strong></span> <span class='ocrx_word' id='word_1_84' title='bbox 721 952 940 991; x_wconf 83' lang='lat' dir='ltr'><strong>haberentur,</strong></span> 
     </span>
     <span class='ocr_line' id='line_1_13' title="bbox 40 1005 941 1050; baseline 0 -12"><span class='ocrx_word' id='word_1_85' title='bbox 40 1005 45 1011; x_wconf 76' lang='grc'><em>’</em></span> <span class='ocrx_word' id='word_1_86' title='bbox 99 1005 128 1038; x_wconf 88' lang='lat' dir='ltr'><strong>si</strong></span> <span class='ocrx_word' id='word_1_87' title='bbox 152 1011 354 1039; x_wconf 86' lang='lat' dir='ltr'><strong>tenerentur</strong></span> <span class='ocrx_word' id='word_1_88' title='bbox 375 1011 506 1039; x_wconf 85' lang='lat' dir='ltr'><strong>armate</strong></span> <span class='ocrx_word' id='word_1_89' title='bbox 530 1016 572 1039; x_wconf 89' lang='lat' dir='ltr'><strong>eo</strong></span> <span class='ocrx_word' id='word_1_90' title='bbox 588 1007 692 1040; x_wconf 91' lang='lat' dir='ltr'><strong>modo</strong></span> <span class='ocrx_word' id='word_1_91' title='bbox 708 1017 777 1050; x_wconf 91' lang='lat' dir='ltr'><strong>quo</strong></span> <span class='ocrx_word' id='word_1_92' title='bbox 801 1006 941 1039; x_wconf 88' lang='lat' dir='ltr'><strong>debuis-</strong></span> 
     </span>
     <span class='ocr_line' id='line_1_14' title="bbox 34 1050 941 1103; baseline 0 -11"><span class='ocrx_word' id='word_1_93' title='bbox 34 1050 47 1098; x_wconf 27' lang='lat'><strong>,⁵</strong></span> <span class='ocrx_word' id='word_1_94' title='bbox 98 1065 174 1093; x_wconf 83' lang='lat' dir='ltr'><strong>sent</strong></span> <span class='ocrx_word' id='word_1_95' title='bbox 195 1060 335 1102; x_wconf 85' lang='lat' dir='ltr'><strong>armari,</strong></span> <span class='ocrx_word' id='word_1_96' title='bbox 359 1065 394 1092; x_wconf 88' lang='lat' dir='ltr'><strong>et</strong></span> <span class='ocrx_word' id='word_1_97' title='bbox 416 1061 630 1093; x_wconf 86' lang='lat' dir='ltr'><strong>tantumdem</strong></span> <span class='ocrx_word' id='word_1_98' title='bbox 654 1061 690 1092; x_wconf 90' lang='lat' dir='ltr'><strong>in</strong></span> <span class='ocrx_word' id='word_1_99' title='bbox 713 1061 862 1103; x_wconf 89' lang='lat' dir='ltr'><strong>pecunia</strong></span> <span class='ocrx_word' id='word_1_100' title='bbox 877 1071 941 1092; x_wconf 87' lang='lat' dir='ltr'><strong>nu-</strong></span> 
     </span>
     <span class='ocr_line' id='line_1_15' title="bbox 33 1113 942 1156; baseline 0.004 -14"><span class='ocrx_word' id='word_1_101' title='bbox 33 1120 37 1142; x_wconf 76' lang='lat'><strong><em>:</em></strong></span> <span class='ocrx_word' id='word_1_102' title='bbox 97 1119 231 1146; x_wconf 82' lang='lat' dir='ltr'><strong>merata</strong></span> <span class='ocrx_word' id='word_1_103' title='bbox 242 1113 416 1156; x_wconf 86' lang='lat' dir='ltr'><strong>persoluet</strong></span> <span class='ocrx_word' id='word_1_104' title='bbox 429 1114 465 1146; x_wconf 90' lang='lat' dir='ltr'><strong>in</strong></span> <span class='ocrx_word' id='word_1_105' title='bbox 481 1113 586 1156; x_wconf 88' lang='lat' dir='ltr'><strong>ipsius</strong></span> <span class='ocrx_word' id='word_1_106' title='bbox 601 1114 711 1146; x_wconf 90' lang='lat' dir='ltr'><strong>Terre</strong></span> <span class='ocrx_word' id='word_1_107' title='bbox 727 1119 846 1147; x_wconf 85' lang='lat' dir='ltr'><strong>sancte</strong></span> <span class='ocrx_word' id='word_1_108' title='bbox 861 1114 942 1146; x_wconf 93' lang='lat' dir='ltr'><strong>sub-</strong></span> 
     </span>
     <span class='ocr_line' id='line_1_16' title="bbox 41 1157 941 1211; baseline 0.001 -13"><span class='ocrx_word' id='word_1_109' title='bbox 41 1157 44 1160; x_wconf 28' lang='lat'><em>*</em></span> <span class='ocrx_word' id='word_1_110' title='bbox 95 1166 223 1199; x_wconf 86' lang='lat' dir='ltr'><strong>sidium</strong></span> <span class='ocrx_word' id='word_1_111' title='bbox 246 1166 444 1209; x_wconf 85' lang='lat' dir='ltr'><strong>expendere</strong></span> <span class='ocrx_word' id='word_1_112' title='bbox 474 1177 516 1199; x_wconf 90' lang='lat' dir='ltr'><strong>eo</strong></span> <span class='ocrx_word' id='word_1_113' title='bbox 547 1167 662 1206; x_wconf 79' lang='lat' dir='ltr'><strong>modo,</strong></span> <span class='ocrx_word' id='word_1_114' title='bbox 693 1178 762 1211; x_wconf 92' lang='lat' dir='ltr'><strong>quo</strong></span> <span class='ocrx_word' id='word_1_115' title='bbox 785 1167 941 1210; x_wconf 86' lang='lat' dir='ltr'><strong>superius</strong></span> 
     </span>
    </p>
   </div>
   <div class='ocr_carea' id='block_1_2' title="bbox 37 1219 943 1263">
    <p class='ocr_par' dir='ltr' id='par_1_3' title="bbox 34 1214 943 1263">
     <span class='ocr_line' id='line_1_17' title="bbox 37 1219 943 1263; baseline -0.001 -11.003"><span class='ocrx_word' id='word_1_116' title='bbox 37 1226 44 1237; x_wconf 67' lang='lat'>³</span> <span class='ocrx_word' id='word_1_117' title='bbox 98 1219 143 1252; x_wconf 87' lang='lat' dir='ltr'><strong>de</strong></span> <span class='ocrx_word' id='word_1_118' title='bbox 158 1229 192 1252; x_wconf 79' lang='lat' dir='ltr'><strong>L.</strong></span> <span class='ocrx_word' id='word_1_119' title='bbox 213 1219 339 1252; x_wconf 81' lang='lat' dir='ltr'><strong>marcis</strong></span> <span class='ocrx_word' id='word_1_120' title='bbox 361 1220 506 1253; x_wconf 89' lang='lat' dir='ltr'><strong>militum</strong></span> <span class='ocrx_word' id='word_1_121' title='bbox 530 1227 582 1253; x_wconf 86' lang='lat' dir='ltr'><strong>est</strong></span> <span class='ocrx_word' id='word_1_122' title='bbox 604 1231 813 1263; x_wconf 85' lang='lat' dir='ltr'><strong>expressum.</strong></span> <span class='ocrx_word' id='word_1_123' title='bbox 858 1220 943 1252; x_wconf 90' lang='lat' dir='ltr'><strong>Pre-</strong></span> 
     </span>
    </p>
   </div>
   <div class='ocr_carea' id='block_1_3' title="bbox 97 1273 941 1371">
    <p class='ocr_par' dir='ltr' id='par_1_4' title="bbox 97 1273 941 1371">
     <span class='ocr_line' id='line_1_18' title="bbox 97 1273 940 1316; baseline 0.001 -11"><span class='ocrx_word' id='word_1_124' title='bbox 97 1279 193 1306; x_wconf 75' lang='lat' dir='ltr'><strong>teoea</strong></span> <span class='ocrx_word' id='word_1_125' title='bbox 215 1273 369 1316; x_wconf 88' lang='lat' dir='ltr'><strong>deponet</strong></span> <span class='ocrx_word' id='word_1_126' title='bbox 390 1274 426 1306; x_wconf 91' lang='lat' dir='ltr'><strong>in</strong></span> <span class='ocrx_word' id='word_1_127' title='bbox 449 1274 606 1307; x_wconf 82' lang='lat' dir='ltr'><strong>manibus</strong></span> <span class='ocrx_word' id='word_1_128' title='bbox 630 1274 863 1316; x_wconf 86' lang='lat' dir='ltr'><strong>predictorum</strong></span> <span class='ocrx_word' id='word_1_129' title='bbox 888 1284 940 1306; x_wconf 84' lang='lat' dir='ltr'><strong>re·</strong></span> 
     </span>
     <span class='ocr_line' id='line_1_19' title="bbox 97 1325 941 1371; baseline 0 -11"><span class='ocrx_word' id='word_1_130' title='bbox 97 1325 151 1370; x_wconf 78' lang='lat' dir='ltr'><strong>gis</strong></span> <span class='ocrx_word' id='word_1_131' title='bbox 173 1331 208 1359; x_wconf 92' lang='lat' dir='ltr'><strong>et</strong></span> <span class='ocrx_word' id='word_1_132' title='bbox 230 1326 427 1369; x_wconf 78' lang='lat' dir='ltr'><strong>patriarche</strong></span> <span class='ocrx_word' id='word_1_133' title='bbox 457 1337 500 1359; x_wconf 87' lang='lat' dir='ltr'><strong>ac</strong></span> <span class='ocrx_word' id='word_1_134' title='bbox 531 1327 688 1371; x_wconf 79' lang='lat' dir='ltr'><strong>magistri</strong></span> <span class='ocrx_word' id='word_1_135' title='bbox 713 1328 835 1360; x_wconf 86' lang='lat' dir='ltr'><strong>domus</strong></span> <span class='ocrx_word' id='word_1_136' title='bbox 857 1327 941 1360; x_wconf 81' lang='lat' dir='ltr'><strong>Ala-</strong></span> 
     </span>
    </p>
   </div>
   <div class='ocr_carea' id='block_1_4' title="bbox 41 1379 942 1414">
    <p class='ocr_par' dir='ltr' id='par_1_5' title="bbox 41 1379 942 1414">
     <span class='ocr_line' id='line_1_20' title="bbox 41 1379 942 1414; baseline 0.002 -2"><span class='ocrx_word' id='word_1_137' title='bbox 41 1379 44 1380; x_wconf 63' lang='grc'>’</span> <span class='ocrx_word' id='word_1_138' title='bbox 98 1390 300 1413; x_wconf 82' lang='lat' dir='ltr'><strong>marmorum</strong></span> <span class='ocrx_word' id='word_1_139' title='bbox 329 1386 467 1413; x_wconf 86' lang='lat' dir='ltr'><strong>centum</strong></span> <span class='ocrx_word' id='word_1_140' title='bbox 498 1381 594 1413; x_wconf 86' lang='lat' dir='ltr'><strong>milia</strong></span> <span class='ocrx_word' id='word_1_141' title='bbox 629 1381 751 1414; x_wconf 88' lang='lat' dir='ltr'><strong>uncias</strong></span> <span class='ocrx_word' id='word_1_142' title='bbox 786 1382 862 1414; x_wconf 86' lang='lat' dir='ltr'><strong>auri</strong></span> <span class='ocrx_word' id='word_1_143' title='bbox 884 1382 942 1414; x_wconf 88' lang='lat' dir='ltr'><strong>uel</strong></span> 
     </span>
    </p>
   </div>
   <div class='ocr_carea' id='block_1_5' title="bbox 29 1433 943 2019">
    <p class='ocr_par' dir='ltr' id='par_1_6' title="bbox 29 1433 943 2019">
     <span class='ocr_line' id='line_1_21' title="bbox 99 1433 941 1479; baseline 0.002 -14"><span class='ocrx_word' id='word_1_144' title='bbox 99 1433 392 1476; x_wconf 86' lang='lat' dir='ltr'><strong>equ[in]alentiam</strong></span> <span class='ocrx_word' id='word_1_145' title='bbox 403 1434 439 1467; x_wconf 88' lang='lat' dir='ltr'><strong>in</strong></span> <span class='ocrx_word' id='word_1_146' title='bbox 450 1440 595 1478; x_wconf 81' lang='lat' dir='ltr'><strong>argento</strong></span> <span class='ocrx_word' id='word_1_147' title='bbox 611 1435 678 1467; x_wconf 87' lang='lat' dir='ltr'><strong>hiis</strong></span> <span class='ocrx_word' id='word_1_148' title='bbox 694 1435 851 1468; x_wconf 88' lang='lat' dir='ltr'><strong>terminis</strong></span> <span class='ocrx_word' id='word_1_149' title='bbox 862 1446 941 1479; x_wconf 90' lang='lat' dir='ltr'><strong>per-</strong></span> 
     </span>
     <span class='ocr_line' id='line_1_22' title="bbox 98 1487 941 1532; baseline 0.001 -13"><span class='ocrx_word' id='word_1_150' title='bbox 98 1487 280 1520; x_wconf 80' lang='lat' dir='ltr'><strong>soluenda:</strong></span> <span class='ocrx_word' id='word_1_151' title='bbox 305 1488 340 1520; x_wconf 88' lang='lat' dir='ltr'><strong>in</strong></span> <span class='ocrx_word' id='word_1_152' title='bbox 363 1488 504 1521; x_wconf 86' lang='lat' dir='ltr'><strong>instanti</strong></span> <span class='ocrx_word' id='word_1_153' title='bbox 527 1488 687 1532; x_wconf 82' lang='lat' dir='ltr'><strong>passagio</strong></span> <span class='ocrx_word' id='word_1_154' title='bbox 710 1487 858 1532; x_wconf 80' lang='lat' dir='ltr'><strong>Augusti</strong></span> <span class='ocrx_word' id='word_1_155' title='bbox 880 1498 941 1520; x_wconf 89' lang='lat' dir='ltr'><strong>xx.</strong></span> 
     </span>
     <span class='ocr_line' id='line_1_23' title="bbox 98 1539 940 1586; baseline 0.004 -14"><span class='ocrx_word' id='word_1_156' title='bbox 98 1539 210 1578; x_wconf 81' lang='lat' dir='ltr'><strong>milia;</strong></span> <span class='ocrx_word' id='word_1_157' title='bbox 234 1542 394 1584; x_wconf 79' lang='lat' dir='ltr'><strong>sequenti</strong></span> <span class='ocrx_word' id='word_1_158' title='bbox 415 1542 576 1586; x_wconf 82' lang='lat' dir='ltr'><strong>passagio</strong></span> <span class='ocrx_word' id='word_1_159' title='bbox 599 1542 719 1575; x_wconf 87' lang='lat' dir='ltr'><strong>Martii</strong></span> <span class='ocrx_word' id='word_1_160' title='bbox 743 1552 802 1575; x_wconf 90' lang='lat' dir='ltr'><strong>xx.</strong></span> <span class='ocrx_word' id='word_1_161' title='bbox 827 1543 940 1579; x_wconf 71' lang='lat' dir='ltr'><strong>milia:</strong></span> 
     </span>
     <span class='ocr_line' id='line_1_24' title="bbox 98 1593 940 1639; baseline 0.002 -13"><span class='ocrx_word' id='word_1_162' title='bbox 98 1593 161 1626; x_wconf 89' lang='lat' dir='ltr'><strong>sub</strong></span> <span class='ocrx_word' id='word_1_163' title='bbox 191 1595 351 1638; x_wconf 73' lang='lat' dir='ltr'><strong>sequenti</strong></span> <span class='ocrx_word' id='word_1_164' title='bbox 385 1595 545 1638; x_wconf 84' lang='lat' dir='ltr'><strong>passagio</strong></span> <span class='ocrx_word' id='word_1_165' title='bbox 568 1595 717 1639; x_wconf 85' lang='lat' dir='ltr'><strong>Augusti</strong></span> <span class='ocrx_word' id='word_1_166' title='bbox 745 1605 805 1628; x_wconf 89' lang='lat' dir='ltr'><strong>xx.</strong></span> <span class='ocrx_word' id='word_1_167' title='bbox 837 1595 940 1628; x_wconf 85' lang='lat' dir='ltr'><strong>milia.</strong></span> 
     </span>
     <span class='ocr_line' id='line_1_25' title="bbox 98 1646 942 1693; baseline -0.001 -12"><span class='ocrx_word' id='word_1_168' title='bbox 98 1646 249 1690; x_wconf 82' lang='lat' dir='ltr'><strong>Reliqua</strong></span> <span class='ocrx_word' id='word_1_169' title='bbox 271 1659 355 1681; x_wconf 90' lang='lat' dir='ltr'><strong>uero</strong></span> <span class='ocrx_word' id='word_1_170' title='bbox 379 1649 610 1693; x_wconf 84' lang='lat' dir='ltr'><strong>quadraginta</strong></span> <span class='ocrx_word' id='word_1_171' title='bbox 633 1649 728 1682; x_wconf 87' lang='lat' dir='ltr'><strong>milia</strong></span> <span class='ocrx_word' id='word_1_172' title='bbox 750 1649 786 1682; x_wconf 87' lang='lat' dir='ltr'><strong>in</strong></span> <span class='ocrx_word' id='word_1_173' title='bbox 809 1649 942 1682; x_wconf 85' lang='lat' dir='ltr'><strong>duobus</strong></span> 
     </span>
     <span class='ocr_line' id='line_1_26' title="bbox 98 1701 942 1746; baseline 0.004 -13"><span class='ocrx_word' id='word_1_174' title='bbox 98 1701 243 1744; x_wconf 85' lang='lat' dir='ltr'><strong>reliquis</strong></span> <span class='ocrx_word' id='word_1_175' title='bbox 272 1702 442 1746; x_wconf 79' lang='lat' dir='ltr'><strong>passagiis</strong></span> <span class='ocrx_word' id='word_1_176' title='bbox 470 1702 591 1736; x_wconf 84' lang='lat' dir='ltr'><strong>Martii</strong></span> <span class='ocrx_word' id='word_1_177' title='bbox 622 1709 658 1736; x_wconf 88' lang='lat' dir='ltr'><strong>et</strong></span> <span class='ocrx_word' id='word_1_178' title='bbox 688 1702 838 1746; x_wconf 82' lang='lat' dir='ltr'><strong>Augusti</strong></span> <span class='ocrx_word' id='word_1_179' title='bbox 860 1704 942 1736; x_wconf 84' lang='lat' dir='ltr'><strong>anni</strong></span> 
     </span>
     <span class='ocr_line' id='line_1_27' title="bbox 43 1750 941 1800; baseline 0.003 -13"><span class='ocrx_word' id='word_1_180' title='bbox 43 1750 45 1757; x_wconf 52' lang='lat'><strong>¹</strong></span> <span class='ocrx_word' id='word_1_181' title='bbox 98 1755 252 1788; x_wconf 80' lang='lat' dir='ltr'><strong>secundi.</strong></span> <span class='ocrx_word' id='word_1_182' title='bbox 298 1755 419 1799; x_wconf 90' lang='lat' dir='ltr'><strong>Itaque</strong></span> <span class='ocrx_word' id='word_1_183' title='bbox 443 1763 632 1790; x_wconf 84' lang='lat' dir='ltr'><strong>memorate</strong></span> <span class='ocrx_word' id='word_1_184' title='bbox 655 1763 772 1799; x_wconf 82' lang='lat' dir='ltr'><strong>partes</strong></span> <span class='ocrx_word' id='word_1_185' title='bbox 793 1758 941 1800; x_wconf 90' lang='lat' dir='ltr'><strong>pecunie</strong></span> 
     </span>
     <span class='ocr_line' id='line_1_28' title="bbox 29 1807 943 1852; baseline 0.004 -13"><span class='ocrx_word' id='word_1_186' title='bbox 29 1848 35 1849; x_wconf 24' lang='lat'><em>⁷</em></span> <span class='ocrx_word' id='word_1_187' title='bbox 97 1807 273 1850; x_wconf 86' lang='lat' dir='ltr'><strong>persolute</strong></span> <span class='ocrx_word' id='word_1_188' title='bbox 310 1819 376 1852; x_wconf 86' lang='lat' dir='ltr'><strong>per</strong></span> <span class='ocrx_word' id='word_1_189' title='bbox 412 1810 580 1843; x_wconf 83' lang='lat' dir='ltr'><strong>terminos</strong></span> <span class='ocrx_word' id='word_1_190' title='bbox 620 1811 816 1844; x_wconf 84' lang='lat' dir='ltr'><strong>antedictos</strong></span> <span class='ocrx_word' id='word_1_191' title='bbox 852 1811 943 1844; x_wconf 87' lang='lat' dir='ltr'><strong>ultra</strong></span> 
     </span>
     <span class='ocr_line' id='line_1_29' title="bbox 42 1862 942 1908; baseline 0.002 -14"><span class='ocrx_word' id='word_1_192' title='bbox 42 1875 44 1877; x_wconf 50' lang='lat'>&gt;</span> <span class='ocrx_word' id='word_1_193' title='bbox 98 1871 194 1895; x_wconf 81' lang='lat' dir='ltr'><strong>mare</strong></span> <span class='ocrx_word' id='word_1_194' title='bbox 216 1862 253 1895; x_wconf 87' lang='lat' dir='ltr'><strong>in</strong></span> <span class='ocrx_word' id='word_1_195' title='bbox 269 1862 412 1907; x_wconf 86' lang='lat' dir='ltr'><strong>singulis</strong></span> <span class='ocrx_word' id='word_1_196' title='bbox 427 1864 599 1908; x_wconf 76' lang='lat' dir='ltr'><strong>passagiis</strong></span> <span class='ocrx_word' id='word_1_197' title='bbox 621 1865 860 1908; x_wconf 87' lang='lat' dir='ltr'><strong>deportentur.</strong></span> <span class='ocrx_word' id='word_1_198' title='bbox 906 1865 942 1898; x_wconf 90' lang='lat' dir='ltr'><strong>Si</strong></span> 
     </span>
     <span class='ocr_line' id='line_1_30' title="bbox 98 1916 942 1961; baseline 0.004 -14"><span class='ocrx_word' id='word_1_199' title='bbox 98 1924 183 1948; x_wconf 88' lang='lat' dir='ltr'><strong>uero</strong></span> <span class='ocrx_word' id='word_1_200' title='bbox 205 1916 280 1959; x_wconf 87' lang='lat' dir='ltr'><strong>ipse</strong></span> <span class='ocrx_word' id='word_1_201' title='bbox 302 1916 494 1959; x_wconf 84' lang='lat' dir='ltr'><strong>Imperator</strong></span> <span class='ocrx_word' id='word_1_202' title='bbox 509 1917 544 1949; x_wconf 90' lang='lat' dir='ltr'><strong>in</strong></span> <span class='ocrx_word' id='word_1_203' title='bbox 560 1917 676 1961; x_wconf 79' lang='lat' dir='ltr'><strong>aliquo</strong></span> <span class='ocrx_word' id='word_1_204' title='bbox 700 1918 848 1951; x_wconf 90' lang='lat' dir='ltr'><strong>termino</strong></span> <span class='ocrx_word' id='word_1_205' title='bbox 865 1918 942 1961; x_wconf 91' lang='lat' dir='ltr'><strong>plus</strong></span> 
     </span>
     <span class='ocr_line' id='line_1_31' title="bbox 98 1969 942 2019; baseline 0.005 -18"><span class='ocrx_word' id='word_1_206' title='bbox 98 1969 242 2002; x_wconf 84' lang='lat' dir='ltr'><strong>soluerit</strong></span> <span class='ocrx_word' id='word_1_207' title='bbox 263 1979 367 2013; x_wconf 87' lang='lat' dir='ltr'><strong>quam</strong></span> <span class='ocrx_word' id='word_1_208' title='bbox 382 1981 487 2019; x_wconf 86' lang='lat' dir='ltr'><strong>super</strong></span> <span class='ocrx_word' id='word_1_209' title='bbox 501 1977 553 2004; x_wconf 87' lang='lat' dir='ltr'><strong>est</strong></span> <span class='ocrx_word' id='word_1_210' title='bbox 576 1982 786 2015; x_wconf 86' lang='lat' dir='ltr'><strong>expressum,</strong></span> <span class='ocrx_word' id='word_1_211' title='bbox 810 1978 942 2005; x_wconf 87' lang='lat' dir='ltr'><strong>tantum</strong></span> 
     </span>
    </p>
   </div>
   <div class='ocr_carea' id='block_1_6' title="bbox 102 2054 312 2059">
    <p class='ocr_par' dir='ltr' id='par_1_7' title="bbox 102 2054 312 2059">
     <span class='ocr_line' id='line_1_32' title="bbox 102 2054 312 2059; baseline 0 0"><span class='ocrx_word' id='word_1_212' title='bbox 102 2054 312 2059; x_wconf 95' lang='lat' dir='ltr'><strong> </strong></span> 
     </span>
    </p>
   </div>
   <div class='ocr_carea' id='block_1_7' title="bbox 99 2104 943 2184">
    <p class='ocr_par' dir='ltr' id='par_1_8' title="bbox 99 2104 943 2184">
     <span class='ocr_line' id='line_1_33' title="bbox 190 2104 943 2140; baseline 0.003 -10"><span class='ocrx_word' id='word_1_213' title='bbox 190 2112 232 2131; x_wconf 86' lang='lat'><strong>20.</strong></span> <span class='ocrx_word' id='word_1_214' title='bbox 252 2106 399 2131; x_wconf 79' lang='lat' dir='ltr'><strong>unciarum</strong></span> <span class='ocrx_word' id='word_1_215' title='bbox 419 2104 514 2132; x_wconf 49' lang='lat' dir='ltr'><strong>Gamo.</strong></span> <span class='ocrx_word' id='word_1_216' title='bbox 535 2119 568 2124; x_wconf 96' lang='lat'><strong>—</strong></span> <span class='ocrx_word' id='word_1_217' title='bbox 588 2113 629 2139; x_wconf 83' lang='lat'><strong>24.</strong></span> <span class='ocrx_word' id='word_1_218' title='bbox 643 2107 693 2132; x_wconf 87' lang='lat' dir='ltr'><strong>sub</strong></span> <span class='ocrx_word' id='word_1_219' title='bbox 707 2109 834 2140; x_wconf 80' lang='lat' dir='ltr'><strong>sequenti</strong></span> <span class='ocrx_word' id='word_1_220' title='bbox 849 2115 943 2140; x_wconf 80' lang='lat' dir='ltr'><strong>passa-</strong></span> 
     </span>
     <span class='ocr_line' id='line_1_34' title="bbox 99 2149 943 2184; baseline 0.004 -10"><span class='ocrx_word' id='word_1_221' title='bbox 99 2151 150 2183; x_wconf 74' lang='lat' dir='ltr'><strong>gio</strong></span> <span class='ocrx_word' id='word_1_222' title='bbox 169 2150 293 2183; x_wconf 80' lang='lat' dir='ltr'><strong>Augusti</strong></span> <span class='ocrx_word' id='word_1_223' title='bbox 314 2157 354 2174; x_wconf 85' lang='lat' dir='ltr'><strong>xx</strong></span> <span class='ocrx_word' id='word_1_224' title='bbox 373 2150 455 2175; x_wconf 68' lang='lat' dir='ltr'><strong>mlii·</strong></span> <span class='ocrx_word' id='word_1_225' title='bbox 476 2159 569 2175; x_wconf 75' lang='lat' dir='ltr'><strong>manca</strong></span> <span class='ocrx_word' id='word_1_226' title='bbox 588 2149 686 2178; x_wconf 55' lang='lat' dir='ltr'><strong>Gsun.</strong></span> <span class='ocrx_word' id='word_1_227' title='bbox 705 2165 738 2170; x_wconf 84' lang='lat'><strong>——</strong></span> <span class='ocrx_word' id='word_1_228' title='bbox 756 2159 800 2184; x_wconf 84' lang='lat'><strong>3¹·</strong></span> <span class='ocrx_word' id='word_1_229' title='bbox 819 2153 943 2178; x_wconf 83' lang='lat' dir='ltr'><strong>solveret</strong></span> 
     </span>
    </p>
   </div>
   <div class='ocr_carea' id='block_1_8' title="bbox 31 2187 196 2220">
    <p class='ocr_par' dir='ltr' id='par_1_9' title="bbox 31 2187 196 2220">
     <span class='ocr_line' id='line_1_35' title="bbox 31 2187 196 2220; baseline 0.006 -1"><span class='ocrx_word' id='word_1_230' title='bbox 31 2187 33 2190; x_wconf 77' lang='grc'><strong>’</strong></span> <span class='ocrx_word' id='word_1_231' title='bbox 54 2204 57 2208; x_wconf 61' lang='lat'><em>&lt;</em></span> <span class='ocrx_word' id='word_1_232' title='bbox 99 2193 196 2220; x_wconf 76' lang='lat' dir='ltr'><strong>GAun.</strong></span> 
     </span>
    </p>
   </div>
   <div class='ocr_carea' id='block_1_9' title="bbox 101 2297 999 3050">
    <p class='ocr_par' dir='ltr' id='par_1_10' title="bbox 101 2297 999 2968">
     <span class='ocr_line' id='line_1_36' title="bbox 189 2297 996 2334; baseline 0.005 -11"><span class='ocrx_word' id='word_1_233' title='bbox 189 2297 196 2314; x_wconf 84' lang='lat'><strong>¹</strong></span> <span class='ocrx_word' id='word_1_234' title='bbox 217 2297 369 2324; x_wconf 85' lang='lat' dir='ltr'><strong>Ludovico</strong></span> <span class='ocrx_word' id='word_1_235' title='bbox 388 2298 455 2323; x_wconf 86' lang='lat' dir='ltr'>VIII</span> <span class='ocrx_word' id='word_1_236' title='bbox 473 2298 565 2324; x_wconf 67' lang='lat' dir='ltr'><strong>tntzib</strong></span> <span class='ocrx_word' id='word_1_237' title='bbox 585 2300 614 2325; x_wconf 76' lang='lat' dir='ltr'><strong>ln</strong></span> <span class='ocrx_word' id='word_1_238' title='bbox 627 2302 752 2326; x_wconf 78' lang='lat' dir='ltr'><strong>crociata</strong></span> <span class='ocrx_word' id='word_1_239' title='bbox 765 2303 869 2326; x_wconf 86' lang='lat' dir='ltr'><strong>contro</strong></span> <span class='ocrx_word' id='word_1_240' title='bbox 882 2302 923 2334; x_wconf 89' lang='lat' dir='ltr'><strong>gli</strong></span> <span class='ocrx_word' id='word_1_241' title='bbox 944 2302 996 2326; x_wconf 81' lang='lat' dir='ltr'><strong>Al·</strong></span> 
     </span>
     <span class='ocr_line' id='line_1_37' title="bbox 101 2340 993 2376; baseline 0.004 -11"><span class='ocrx_word' id='word_1_242' title='bbox 101 2340 192 2374; x_wconf 79' lang='lat' dir='ltr'><strong>bigesl</strong></span> <span class='ocrx_word' id='word_1_243' title='bbox 205 2341 250 2366; x_wconf 91' lang='lat' dir='ltr'><strong>nel</strong></span> <span class='ocrx_word' id='word_1_244' title='bbox 263 2341 388 2374; x_wconf 78' lang='lat' dir='ltr'><strong>germaio</strong></span> <span class='ocrx_word' id='word_1_245' title='bbox 404 2340 480 2371; x_wconf 75' lang='lat'>1226,</span> <span class='ocrx_word' id='word_1_246' title='bbox 491 2341 643 2375; x_wconf 83' lang='lat' dir='ltr'><strong>dirigendo</strong></span> <span class='ocrx_word' id='word_1_247' title='bbox 657 2342 680 2367; x_wconf 87' lang='lat' dir='ltr'><strong>ll</strong></span> <span class='ocrx_word' id='word_1_248' title='bbox 694 2343 707 2356; x_wconf 82' lang='lat'>“</span> <span class='ocrx_word' id='word_1_249' title='bbox 717 2344 834 2376; x_wconf 85' lang='lat' dir='ltr'><strong>coploso</strong></span> <span class='ocrx_word' id='word_1_250' title='bbox 848 2344 969 2369; x_wconf 80' lang='lat' dir='ltr'><strong>esercito</strong></span> <span class='ocrx_word' id='word_1_251' title='bbox 981 2362 993 2375; x_wconf 84' lang='lat'><strong>‚,</strong></span> 
     </span>
     <span class='ocr_line' id='line_1_38' title="bbox 101 2383 996 2419; baseline 0.003 -11"><span class='ocrx_word' id='word_1_252' title='bbox 101 2390 155 2408; x_wconf 84' lang='lat' dir='ltr'><strong>con</strong></span> <span class='ocrx_word' id='word_1_253' title='bbox 174 2384 244 2408; x_wconf 82' lang='lat' dir='ltr'><strong>tutti</strong></span> <span class='ocrx_word' id='word_1_254' title='bbox 265 2383 276 2408; x_wconf 89' lang='lat' dir='ltr'><strong>l</strong></span> <span class='ocrx_word' id='word_1_255' title='bbox 295 2383 398 2415; x_wconf 75' lang='lat' dir='ltr'><strong>prelati</strong></span> <span class='ocrx_word' id='word_1_256' title='bbox 419 2390 433 2408; x_wconf 89' lang='lat' dir='ltr'><strong>e</strong></span> <span class='ocrx_word' id='word_1_257' title='bbox 453 2385 580 2416; x_wconf 62' lang='lat' dir='ltr'><strong>magneti</strong></span> <span class='ocrx_word' id='word_1_258' title='bbox 601 2385 646 2409; x_wconf 85' lang='lat' dir='ltr'><strong>del</strong></span> <span class='ocrx_word' id='word_1_259' title='bbox 666 2392 754 2418; x_wconf 83' lang='lat' dir='ltr'><strong>regno</strong></span> <span class='ocrx_word' id='word_1_260' title='bbox 770 2393 851 2410; x_wconf 81' lang='lat' dir='ltr'><strong>verso</strong></span> <span class='ocrx_word' id='word_1_261' title='bbox 865 2386 996 2419; x_wconf 84' lang='lat' dir='ltr'><strong>Avlgno-</strong></span> 
     </span>
     <span class='ocr_line' id='line_1_39' title="bbox 102 2425 996 2459; baseline 0.004 -9"><span class='ocrx_word' id='word_1_262' title='bbox 102 2433 144 2451; x_wconf 89' lang='lat' dir='ltr'><strong>ne.</strong></span> <span class='ocrx_word' id='word_1_263' title='bbox 179 2425 264 2450; x_wconf 81' lang='lat' dir='ltr'><strong>Delia</strong></span> <span class='ocrx_word' id='word_1_264' title='bbox 278 2426 386 2451; x_wconf 76' lang='lat' dir='ltr'><strong>notizia</strong></span> <span class='ocrx_word' id='word_1_265' title='bbox 406 2426 436 2451; x_wconf 78' lang='lat' dir='ltr'><strong>di</strong></span> <span class='ocrx_word' id='word_1_266' title='bbox 449 2427 547 2458; x_wconf 73' lang='lat' dir='ltr'><strong>questa</strong></span> <span class='ocrx_word' id='word_1_267' title='bbox 562 2426 659 2452; x_wconf 67' lang='lat' dir='ltr'><strong>salsa</strong></span> <span class='ocrx_word' id='word_1_268' title='bbox 679 2429 756 2453; x_wconf 80' lang='lat' dir='ltr'><strong>croi</strong></span> <span class='ocrx_word' id='word_1_269' title='bbox 767 2428 861 2459; x_wconf 76' lang='lat' dir='ltr'><strong>sada,</strong></span> <span class='ocrx_word' id='word_1_270' title='bbox 876 2436 954 2454; x_wconf 89' lang='lat' dir='ltr'><strong>come</strong></span> <span class='ocrx_word' id='word_1_271' title='bbox 968 2429 996 2454; x_wconf 82' lang='lat' dir='ltr'><strong>la</strong></span> 
     </span>
     <span class='ocr_line' id='line_1_40' title="bbox 103 2467 997 2498; baseline 0.003 -6"><span class='ocrx_word' id='word_1_272' title='bbox 103 2467 207 2493; x_wconf 81' lang='lat' dir='ltr'><strong>dleono</strong></span> <span class='ocrx_word' id='word_1_273' title='bbox 226 2469 236 2492; x_wconf 89' lang='lat' dir='ltr'><strong>l</strong></span> <span class='ocrx_word' id='word_1_274' title='bbox 257 2468 407 2493; x_wconf 80' lang='lat' dir='ltr'><strong>trovadorl</strong></span> <span class='ocrx_word' id='word_1_275' title='bbox 427 2467 546 2493; x_wconf 85' lang='lat' dir='ltr'><strong>Tomler</strong></span> <span class='ocrx_word' id='word_1_276' title='bbox 565 2477 579 2494; x_wconf 89' lang='lat' dir='ltr'><strong>e</strong></span> <span class='ocrx_word' id='word_1_277' title='bbox 598 2468 708 2498; x_wconf 78' lang='lat' dir='ltr'><strong>Palazl.</strong></span> <span class='ocrx_word' id='word_1_278' title='bbox 727 2469 839 2495; x_wconf 79' lang='lat' dir='ltr'><strong>OnorIo</strong></span> <span class='ocrx_word' id='word_1_279' title='bbox 859 2470 899 2494; x_wconf 80' lang='lat'><strong>111</strong></span> <span class='ocrx_word' id='word_1_280' title='bbox 913 2472 935 2495; x_wconf 88' lang='lat' dir='ltr'><strong>si</strong></span> <span class='ocrx_word' id='word_1_281' title='bbox 957 2471 997 2495; x_wconf 89' lang='lat' dir='ltr'><strong>di-</strong></span> 
     </span>
     <span class='ocr_line' id='line_1_41' title="bbox 103 2509 995 2544; baseline 0.003 -10"><span class='ocrx_word' id='word_1_282' title='bbox 103 2509 212 2535; x_wconf 75' lang='lat' dir='ltr'><strong>mostro</strong></span> <span class='ocrx_word' id='word_1_283' title='bbox 225 2510 317 2535; x_wconf 80' lang='lat' dir='ltr'><strong>molto</strong></span> <span class='ocrx_word' id='word_1_284' title='bbox 330 2511 402 2535; x_wconf 87' lang='lat' dir='ltr'><strong>lleto</strong></span> <span class='ocrx_word' id='word_1_285' title='bbox 422 2510 498 2535; x_wconf 76' lang='lat' dir='ltr'><strong>nella</strong></span> <span class='ocrx_word' id='word_1_286' title='bbox 517 2518 567 2535; x_wconf 80' lang='lat' dir='ltr'><strong>sun.</strong></span> <span class='ocrx_word' id='word_1_287' title='bbox 580 2511 705 2544; x_wconf 80' lang='lat' dir='ltr'><strong>epIstola</strong></span> <span class='ocrx_word' id='word_1_288' title='bbox 717 2519 732 2536; x_wconf 74' lang='lat' dir='ltr'><strong>a</strong></span> <span class='ocrx_word' id='word_1_289' title='bbox 745 2511 886 2542; x_wconf 77' lang='lat' dir='ltr'><strong>Romano,</strong></span> <span class='ocrx_word' id='word_1_290' title='bbox 905 2513 995 2537; x_wconf 77' lang='lat' dir='ltr'><strong>cardi-</strong></span> 
     </span>
     <span class='ocr_line' id='line_1_42' title="bbox 102 2552 995 2587; baseline 0.003 -10"><span class='ocrx_word' id='word_1_291' title='bbox 102 2553 150 2578; x_wconf 73' lang='lat' dir='ltr'><strong>nnl</strong></span> <span class='ocrx_word' id='word_1_292' title='bbox 175 2552 298 2578; x_wconf 75' lang='lat' dir='ltr'><strong>diacono</strong></span> <span class='ocrx_word' id='word_1_293' title='bbox 324 2553 352 2578; x_wconf 89' lang='lat' dir='ltr'><strong>dl</strong></span> <span class='ocrx_word' id='word_1_294' title='bbox 379 2553 407 2578; x_wconf 86' lang='lat' dir='ltr'><strong>S.</strong></span> <span class='ocrx_word' id='word_1_295' title='bbox 433 2553 558 2586; x_wconf 74' lang='lat' dir='ltr'><strong>Angeia,</strong></span> <span class='ocrx_word' id='word_1_296' title='bbox 583 2560 634 2578; x_wconf 85' lang='lat' dir='ltr'><strong>suo</strong></span> <span class='ocrx_word' id='word_1_297' title='bbox 659 2553 754 2586; x_wconf 78' lang='lat' dir='ltr'><strong>legato</strong></span> <span class='ocrx_word' id='word_1_298' title='bbox 778 2555 939 2587; x_wconf 75' lang='lat' dir='ltr'><strong>apostolico</strong></span> <span class='ocrx_word' id='word_1_299' title='bbox 965 2555 995 2580; x_wconf 89' lang='lat' dir='ltr'><strong>in</strong></span> 
     </span>
     <span class='ocr_line' id='line_1_43' title="bbox 102 2594 996 2631; baseline 0.001 -11"><span class='ocrx_word' id='word_1_300' title='bbox 102 2594 241 2624; x_wconf 63' lang='lat' dir='ltr'><strong>Francia:</strong></span> <span class='ocrx_word' id='word_1_301' title='bbox 263 2594 319 2619; x_wconf 72' lang='lat' dir='ltr'><strong>“ut</strong></span> <span class='ocrx_word' id='word_1_302' title='bbox 338 2595 451 2628; x_wconf 78' lang='lat' dir='ltr'><strong>plenam</strong></span> <span class='ocrx_word' id='word_1_303' title='bbox 472 2602 550 2628; x_wconf 77' lang='lat' dir='ltr'><strong>spem</strong></span> <span class='ocrx_word' id='word_1_304' title='bbox 573 2597 600 2619; x_wconf 90' lang='lat' dir='ltr'><strong>et</strong></span> <span class='ocrx_word' id='word_1_305' title='bbox 625 2595 758 2620; x_wconf 78' lang='lat' dir='ltr'><strong>fiduciam</strong></span> <span class='ocrx_word' id='word_1_306' title='bbox 782 2597 996 2631; x_wconf 82' lang='lat' dir='ltr'><strong>conceperimus</strong></span> 
     </span>
     <span class='ocr_line' id='line_1_44' title="bbox 104 2636 996 2673; baseline 0.002 -11"><span class='ocrx_word' id='word_1_307' title='bbox 104 2636 118 2651; x_wconf 67' lang='lat'>⁸</span> <span class='ocrx_word' id='word_1_308' title='bbox 130 2650 163 2655; x_wconf 97' lang='lat'><strong>—</strong></span> <span class='ocrx_word' id='word_1_309' title='bbox 183 2637 344 2670; x_wconf 75' lang='lat' dir='ltr'><strong>soggitinge</strong></span> <span class='ocrx_word' id='word_1_310' title='bbox 362 2650 396 2656; x_wconf 86' lang='lat'><strong>-—</strong></span> <span class='ocrx_word' id='word_1_311' title='bbox 415 2638 491 2670; x_wconf 87' lang='lat' dir='ltr'><strong>quod</strong></span> <span class='ocrx_word' id='word_1_312' title='bbox 511 2638 572 2671; x_wconf 84' lang='lat' dir='ltr'><strong>ipse</strong></span> <span class='ocrx_word' id='word_1_313' title='bbox 592 2637 728 2669; x_wconf 76' lang='lat' dir='ltr'><strong>dominus</strong></span> <span class='ocrx_word' id='word_1_314' title='bbox 741 2636 917 2672; x_wconf 81' lang='lat' dir='ltr'><strong>[Ludovicus</strong></span> <span class='ocrx_word' id='word_1_315' title='bbox 936 2637 996 2673; x_wconf 86' lang='lat' dir='ltr'><strong>rex]</strong></span> 
     </span>
     <span class='ocr_line' id='line_1_45' title="bbox 107 2677 997 2714; baseline 0.003 -11"><span class='ocrx_word' id='word_1_316' title='bbox 107 2677 121 2692; x_wconf 82' lang='lat'><strong>‘¹</strong></span> <span class='ocrx_word' id='word_1_317' title='bbox 131 2686 181 2712; x_wconf 84' lang='lat' dir='ltr'><strong>per</strong></span> <span class='ocrx_word' id='word_1_318' title='bbox 193 2686 291 2704; x_wconf 85' lang='lat' dir='ltr'><strong>eorum</strong></span> <span class='ocrx_word' id='word_1_319' title='bbox 311 2679 504 2705; x_wconf 82' lang='lat' dir='ltr'><strong>ministerium</strong></span> <span class='ocrx_word' id='word_1_320' title='bbox 525 2679 712 2712; x_wconf 74' lang='lat' dir='ltr'><strong>[prelatorum</strong></span> <span class='ocrx_word' id='word_1_321' title='bbox 731 2682 760 2705; x_wconf 85' lang='lat' dir='ltr'><strong>et</strong></span> <span class='ocrx_word' id='word_1_322' title='bbox 778 2683 943 2714; x_wconf 68' lang='lat' dir='ltr'><strong>magnatum</strong></span> <span class='ocrx_word' id='word_1_323' title='bbox 956 2689 997 2706; x_wconf 87' lang='lat' dir='ltr'><strong>re·</strong></span> 
     </span>
     <span class='ocr_line' id='line_1_46' title="bbox 105 2720 997 2756; baseline 0.003 -11"><span class='ocrx_word' id='word_1_324' title='bbox 105 2720 193 2754; x_wconf 71' lang='lat' dir='ltr'><strong>“gnij</strong></span> <span class='ocrx_word' id='word_1_325' title='bbox 211 2721 393 2746; x_wconf 77' lang='lat' dir='ltr'><strong>confundent</strong></span> <span class='ocrx_word' id='word_1_326' title='bbox 417 2721 609 2746; x_wconf 77' lang='lat' dir='ltr'><strong>heretIeorum</strong></span> <span class='ocrx_word' id='word_1_327' title='bbox 633 2722 833 2755; x_wconf 82' lang='lat' dir='ltr'><strong>Alblgenslum</strong></span> <span class='ocrx_word' id='word_1_328' title='bbox 853 2724 997 2756; x_wconf 82' lang='lat' dir='ltr'><strong>pernicio-</strong></span> 
     </span>
     <span class='ocr_line' id='line_1_47' title="bbox 102 2764 998 2798; baseline 0.003 -10"><span class='ocrx_word' id='word_1_329' title='bbox 102 2764 115 2778; x_wconf 81' lang='lat'><strong>⁴¹</strong></span> <span class='ocrx_word' id='word_1_330' title='bbox 127 2764 269 2789; x_wconf 76' lang='lat' dir='ltr'><strong>slsslmnm</strong></span> <span class='ocrx_word' id='word_1_331' title='bbox 289 2764 462 2796; x_wconf 75' lang='lat' dir='ltr'><strong>pravitatem</strong></span> <span class='ocrx_word' id='word_1_332' title='bbox 474 2774 504 2798; x_wconf 64' lang='grc' dir='ltr'><strong>,ς</strong></span> <span class='ocrx_word' id='word_1_333' title='bbox 524 2765 560 2789; x_wconf 87' lang='lat' dir='ltr'><strong>cf.</strong></span> <span class='ocrx_word' id='word_1_334' title='bbox 575 2764 607 2789; x_wconf 87' lang='lat' dir='ltr'><strong>V.</strong></span> <span class='ocrx_word' id='word_1_335' title='bbox 621 2764 667 2790; x_wconf 73' lang='lat' dir='ltr'><strong>De</strong></span> <span class='ocrx_word' id='word_1_336' title='bbox 683 2765 942 2795; x_wconf 70' lang='lat' dir='ltr'><strong>BARTuotouAms‚</strong></span> <span class='ocrx_word' id='word_1_337' title='bbox 956 2770 998 2797; x_wconf 78' lang='lat' dir='ltr'><strong>op.</strong></span> 
     </span>
     <span class='ocr_line' id='line_1_48' title="bbox 103 2805 998 2840; baseline 0.002 -9"><span class='ocrx_word' id='word_1_338' title='bbox 103 2806 157 2835; x_wconf 68' lang='lat' dir='ltr'><strong>cit„</strong></span> <span class='ocrx_word' id='word_1_339' title='bbox 170 2805 207 2836; x_wconf 89' lang='lat'><strong>11,</strong></span> <span class='ocrx_word' id='word_1_340' title='bbox 220 2813 247 2839; x_wconf 86' lang='lat' dir='ltr'><strong>p.</strong></span> <span class='ocrx_word' id='word_1_341' title='bbox 267 2811 310 2840; x_wconf 81' lang='lat'><strong>55,</strong></span> <span class='ocrx_word' id='word_1_342' title='bbox 324 2806 446 2831; x_wconf 79' lang='lat' dir='ltr'><strong>cobbola</strong></span> <span class='ocrx_word' id='word_1_343' title='bbox 459 2806 510 2837; x_wconf 68' lang='lat'>1113</span> <span class='ocrx_word' id='word_1_344' title='bbox 526 2807 694 2837; x_wconf 61' lang='lat' dir='ltr'><strong>Pei-rusam,</strong></span> <span class='ocrx_word' id='word_1_345' title='bbox 709 2815 735 2832; x_wconf 88' lang='lat' dir='ltr'><strong>n.</strong></span> <span class='ocrx_word' id='word_1_346' title='bbox 750 2812 827 2840; x_wconf 79' lang='lat'><strong>7542,</strong></span> <span class='ocrx_word' id='word_1_347' title='bbox 842 2809 998 2833; x_wconf 65' lang='lat' dir='ltr'><strong>tmen-&#39;lone</strong></span> 
     </span>
     <span class='ocr_line' id='line_1_49' title="bbox 104 2849 999 2882; baseline 0.003 -9"><span class='ocrx_word' id='word_1_348' title='bbox 104 2849 126 2874; x_wconf 89' lang='lat' dir='ltr'><strong>ll</strong></span> <span class='ocrx_word' id='word_1_349' title='bbox 146 2850 230 2878; x_wconf 80' lang='lat' dir='ltr'><strong>testo,</strong></span> <span class='ocrx_word' id='word_1_350' title='bbox 249 2849 334 2881; x_wconf 81' lang='lat' dir='ltr'><strong>privo</strong></span> <span class='ocrx_word' id='word_1_351' title='bbox 354 2849 382 2874; x_wconf 87' lang='lat' dir='ltr'><strong>di</strong></span> <span class='ocrx_word' id='word_1_352' title='bbox 409 2851 477 2874; x_wconf 86' lang='lat' dir='ltr'><strong>note</strong></span> <span class='ocrx_word' id='word_1_353' title='bbox 499 2849 711 2882; x_wconf 82' lang='lat' dir='ltr'><strong>cronologiche,</strong></span> <span class='ocrx_word' id='word_1_354' title='bbox 737 2849 815 2875; x_wconf 73' lang='lat' dir='ltr'><strong>dalla</strong></span> <span class='ocrx_word' id='word_1_355' title='bbox 837 2851 999 2876; x_wconf 83' lang='lat' dir='ltr'><strong>collezlone</strong></span> 
     </span>
     <span class='ocr_line' id='line_1_50' title="bbox 105 2890 998 2922; baseline 0.002 -6"><span class='ocrx_word' id='word_1_356' title='bbox 105 2890 150 2916; x_wconf 79' lang='lat' dir='ltr'><strong>del</strong></span> <span class='ocrx_word' id='word_1_357' title='bbox 168 2891 321 2922; x_wconf 73' lang='lat' dir='ltr'><strong>Bouquzr.</strong></span> <span class='ocrx_word' id='word_1_358' title='bbox 340 2892 457 2917; x_wconf 70' lang='lat' dir='ltr'><strong>Reeuu&#39;l</strong></span> <span class='ocrx_word' id='word_1_359' title='bbox 472 2893 518 2916; x_wconf 74' lang='lat' dir='ltr'><strong>des</strong></span> <span class='ocrx_word' id='word_1_360' title='bbox 537 2893 678 2917; x_wconf 71' lang='lat' dir='ltr'><strong>historiens</strong></span> <span class='ocrx_word' id='word_1_361' title='bbox 692 2893 738 2917; x_wconf 76' lang='lat' dir='ltr'><strong>des</strong></span> <span class='ocrx_word' id='word_1_362' title='bbox 757 2892 854 2918; x_wconf 75' lang='lat' dir='ltr'><strong>Ganles</strong></span> <span class='ocrx_word' id='word_1_363' title='bbox 873 2897 902 2918; x_wconf 75' lang='lat' dir='ltr'><strong>et</strong></span> <span class='ocrx_word' id='word_1_364' title='bbox 918 2894 950 2918; x_wconf 76' lang='lat' dir='ltr'><strong>de</strong></span> <span class='ocrx_word' id='word_1_365' title='bbox 970 2894 998 2918; x_wconf 85' lang='lat' dir='ltr'><strong>Ia</strong></span> 
     </span>
     <span class='ocr_line' id='line_1_51' title="bbox 106 2933 893 2968; baseline 0.003 -10"><span class='ocrx_word' id='word_1_366' title='bbox 106 2933 222 2963; x_wconf 75' lang='lat' dir='ltr'><strong>France,</strong></span> <span class='ocrx_word' id='word_1_367' title='bbox 233 2933 325 2963; x_wconf 77' lang='lat' dir='ltr'><strong>Paris,</strong></span> <span class='ocrx_word' id='word_1_368' title='bbox 343 2933 592 2962; x_wconf 80' lang='lat' dir='ltr'>MDCCCLXXX,</span> <span class='ocrx_word' id='word_1_369' title='bbox 612 2934 671 2959; x_wconf 86' lang='lat' dir='ltr'><strong>vol.</strong></span> <span class='ocrx_word' id='word_1_370' title='bbox 691 2934 765 2963; x_wconf 81' lang='lat' dir='ltr'><strong>xlx.</strong></span> <span class='ocrx_word' id='word_1_371' title='bbox 785 2942 812 2967; x_wconf 86' lang='lat' dir='ltr'><strong>p.</strong></span> <span class='ocrx_word' id='word_1_372' title='bbox 832 2940 893 2968; x_wconf 84' lang='lat'><strong>771.</strong></span> 
     </span>
    </p>

    <p class='ocr_par' dir='ltr' id='par_1_11' title="bbox 104 2973 998 3050">
     <span class='ocr_line' id='line_1_52' title="bbox 192 2973 997 3009; baseline 0.001 -9"><span class='ocrx_word' id='word_1_373' title='bbox 192 2973 204 2991; x_wconf 74' lang='lat'>²</span> <span class='ocrx_word' id='word_1_374' title='bbox 224 2975 406 3000; x_wconf 66' lang='lat' dir='ltr'><strong>seminando</strong></span> <span class='ocrx_word' id='word_1_375' title='bbox 418 2976 457 3000; x_wconf 84' lang='lat'><strong>111</strong></span> <span class='ocrx_word' id='word_1_376' title='bbox 471 2977 499 3001; x_wconf 89' lang='lat' dir='ltr'><strong>dl</strong></span> <span class='ocrx_word' id='word_1_377' title='bbox 515 2975 668 3009; x_wconf 79' lang='lat' dir='ltr'><strong>Castiglta,</strong></span> <span class='ocrx_word' id='word_1_378' title='bbox 681 2976 761 3009; x_wconf 86' lang='lat' dir='ltr'><strong>flgllo</strong></span> <span class='ocrx_word' id='word_1_379' title='bbox 775 2977 804 3001; x_wconf 85' lang='lat' dir='ltr'><strong>dl</strong></span> <span class='ocrx_word' id='word_1_380' title='bbox 820 2984 848 3001; x_wconf 89' lang='lat' dir='ltr'><strong>re</strong></span> <span class='ocrx_word' id='word_1_381' title='bbox 861 2976 997 3009; x_wconf 84' lang='lat' dir='ltr'><strong>Alsonso,</strong></span> 
     </span>
     <span class='ocr_line' id='line_1_53' title="bbox 104 3017 998 3050; baseline 0.002 -8"><span class='ocrx_word' id='word_1_382' title='bbox 104 3025 249 3050; x_wconf 79' lang='lat' dir='ltr'><strong>promosse</strong></span> <span class='ocrx_word' id='word_1_383' title='bbox 268 3017 296 3042; x_wconf 83' lang='lat' dir='ltr'><strong>la</strong></span> <span class='ocrx_word' id='word_1_384' title='bbox 314 3025 414 3050; x_wconf 80' lang='lat' dir='ltr'><strong>guerra</strong></span> <span class='ocrx_word' id='word_1_385' title='bbox 433 3020 537 3044; x_wconf 83' lang='lat' dir='ltr'><strong>contro</strong></span> <span class='ocrx_word' id='word_1_386' title='bbox 558 3021 566 3043; x_wconf 84' lang='lat'><em>1</em></span> <span class='ocrx_word' id='word_1_387' title='bbox 589 3019 692 3044; x_wconf 87' lang='lat' dir='ltr'><strong>nemici</strong></span> <span class='ocrx_word' id='word_1_388' title='bbox 717 3018 794 3044; x_wconf 78' lang='lat' dir='ltr'><strong>della</strong></span> <span class='ocrx_word' id='word_1_389' title='bbox 817 3026 907 3049; x_wconf 81' lang='lat' dir='ltr'><strong>croce,</strong></span> <span class='ocrx_word' id='word_1_390' title='bbox 933 3027 947 3044; x_wconf 90' lang='lat' dir='ltr'><strong>e</strong></span> <span class='ocrx_word' id='word_1_391' title='bbox 970 3020 998 3045; x_wconf 88' lang='lat' dir='ltr'><strong>di</strong></span> 
     </span>
    </p>
   </div>
   <div class='ocr_carea' id='block_1_10' title="bbox 0 0 89 3444">
    <p class='ocr_par' dir='ltr' id='par_1_12' title="bbox 0 0 89 3444">
     <span class='ocr_line' id='line_1_54' title="bbox 0 0 89 3444; baseline 0 0"><span class='ocrx_word' id='word_1_392' title='bbox 0 0 89 3444; x_wconf 95' lang='lat' dir='ltr'><strong> </strong></span> 
     </span>
    </p>
   </div>
   <div class='ocr_carea' id='block_1_11' title="bbox 875 232 1163 268">
    <p class='ocr_par' dir='ltr' id='par_1_13' title="bbox 875 232 1163 268">
     <span class='ocr_line' id='line_1_55' title="bbox 875 232 1163 268; baseline 0 -1"><span class='ocrx_word' id='word_1_393' title='bbox 875 232 1163 268; x_wconf 88' lang='lat' dir='ltr'><strong>CHRONICA</strong></span> 
     </span>
    </p>
   </div>
   <div class='ocr_carea' id='block_1_12' title="bbox 1008 848 1045 879">
    <p class='ocr_par' dir='ltr' id='par_1_14' title="bbox 1008 848 1045 879">
     <span class='ocr_line' id='line_1_56' title="bbox 1008 848 1045 879; baseline 0 0"><span class='ocrx_word' id='word_1_394' title='bbox 1008 848 1045 879; x_wconf 91' lang='lat'><strong>10</strong></span> 
     </span>
    </p>
   </div>
   <div class='ocr_carea' id='block_1_13' title="bbox 1007 1114 1043 1147">
    <p class='ocr_par' dir='ltr' id='par_1_15' title="bbox 1007 1114 1043 1147">
     <span class='ocr_line' id='line_1_57' title="bbox 1007 1114 1043 1147; baseline 0 0"><span class='ocrx_word' id='word_1_395' title='bbox 1007 1114 1043 1147; x_wconf 91' lang='lat'><strong>15</strong></span> 
     </span>
    </p>
   </div>
   <div class='ocr_carea' id='block_1_14' title="bbox 1004 1384 1045 1415">
    <p class='ocr_par' dir='ltr' id='par_1_16' title="bbox 1004 1384 1045 1415">
     <span class='ocr_line' id='line_1_58' title="bbox 1004 1384 1045 1415; baseline 0 0"><span class='ocrx_word' id='word_1_396' title='bbox 1004 1384 1045 1415; x_wconf 87' lang='lat'><strong>20</strong></span> 
     </span>
    </p>
   </div>
   <div class='ocr_carea' id='block_1_15' title="bbox 1004 1651 1045 1684">
    <p class='ocr_par' dir='ltr' id='par_1_17' title="bbox 1004 1651 1045 1684">
     <span class='ocr_line' id='line_1_59' title="bbox 1004 1651 1045 1684; baseline -0.024 0"><span class='ocrx_word' id='word_1_397' title='bbox 1004 1651 1045 1684; x_wconf 86' lang='lat'><strong>25</strong></span> 
     </span>
    </p>
   </div>
   <div class='ocr_carea' id='block_1_16' title="bbox 1005 1923 1047 1955">
    <p class='ocr_par' dir='ltr' id='par_1_18' title="bbox 1005 1923 1047 1955">
     <span class='ocr_line' id='line_1_60' title="bbox 1005 1923 1047 1955; baseline 0 0"><span class='ocrx_word' id='word_1_398' title='bbox 1005 1923 1047 1955; x_wconf 83' lang='lat'><strong>30</strong></span> 
     </span>
    </p>
   </div>
   <div class='ocr_carea' id='block_1_17' title="bbox 1100 365 1949 1845">
    <p class='ocr_par' dir='ltr' id='par_1_19' title="bbox 1100 365 1947 450">
     <span class='ocr_line' id='line_1_61' title="bbox 1100 365 1947 408; baseline 0 -11"><span class='ocrx_word' id='word_1_399' title='bbox 1100 365 1159 397; x_wconf 87' lang='lat' dir='ltr'><strong>nia</strong></span> <span class='ocrx_word' id='word_1_400' title='bbox 1197 375 1217 396; x_wconf 88' lang='lat' dir='ltr'><strong>a</strong></span> <span class='ocrx_word' id='word_1_401' title='bbox 1255 365 1406 408; x_wconf 90' lang='lat' dir='ltr'><strong>quodam</strong></span> <span class='ocrx_word' id='word_1_402' title='bbox 1447 365 1708 408; x_wconf 83' lang='lat' dir='ltr'><strong>consanguineo</strong></span> <span class='ocrx_word' id='word_1_403' title='bbox 1742 376 1803 397; x_wconf 88' lang='lat' dir='ltr'><strong>suo</strong></span> <span class='ocrx_word' id='word_1_404' title='bbox 1841 365 1947 399; x_wconf 83' lang='lat' dir='ltr'><strong>inter-</strong></span> 
     </span>
     <span class='ocr_line' id='line_1_62' title="bbox 1101 418 1303 450; baseline 0 0"><span class='ocrx_word' id='word_1_405' title='bbox 1101 418 1218 450; x_wconf 82' lang='lat' dir='ltr'><strong>fectus</strong></span> <span class='ocrx_word' id='word_1_406' title='bbox 1241 424 1303 450; x_wconf 89' lang='lat' dir='ltr'><strong>est.</strong></span> 
     </span>
    </p>

    <p class='ocr_par' dir='ltr' id='par_1_20' title="bbox 1100 471 1949 565">
     <span class='ocr_line' id='line_1_63' title="bbox 1190 471 1949 515; baseline 0.003 -13"><span class='ocrx_word' id='word_1_407' title='bbox 1190 471 1380 513; x_wconf 87' lang='lat' dir='ltr'><strong>Imperator</strong></span> <span class='ocrx_word' id='word_1_408' title='bbox 1402 481 1466 513; x_wconf 92' lang='lat' dir='ltr'><strong>pro</strong></span> <span class='ocrx_word' id='word_1_409' title='bbox 1493 471 1589 503; x_wconf 78' lang='lat' dir='ltr'><strong>facto</strong></span> <span class='ocrx_word' id='word_1_410' title='bbox 1620 472 1830 514; x_wconf 84' lang='lat' dir='ltr'><strong>prelatorum</strong></span> <span class='ocrx_word' id='word_1_411' title='bbox 1862 483 1949 515; x_wconf 87' lang='lat' dir='ltr'><strong>quos</strong></span> 
     </span>
     <span class='ocr_line' id='line_1_64' title="bbox 1100 525 1948 565; baseline 0.004 -11"><span class='ocrx_word' id='word_1_412' title='bbox 1100 533 1192 565; x_wconf 87' lang='lat' dir='ltr'><strong>papa</strong></span> <span class='ocrx_word' id='word_1_413' title='bbox 1215 529 1405 561; x_wconf 84' lang='lat' dir='ltr'><strong>creauerat‚</strong></span> <span class='ocrx_word' id='word_1_414' title='bbox 1429 534 1509 556; x_wconf 91' lang='lat' dir='ltr'><strong>suos</strong></span> <span class='ocrx_word' id='word_1_415' title='bbox 1525 525 1570 557; x_wconf 87' lang='lat' dir='ltr'><strong>ad</strong></span> <span class='ocrx_word' id='word_1_416' title='bbox 1586 535 1664 556; x_wconf 90' lang='lat' dir='ltr'><strong>eum</strong></span> <span class='ocrx_word' id='word_1_417' title='bbox 1680 525 1819 558; x_wconf 89' lang='lat' dir='ltr'><strong>nuntios</strong></span> <span class='ocrx_word' id='word_1_418' title='bbox 1834 525 1948 558; x_wconf 78' lang='lat' dir='ltr'><strong>mittit.</strong></span> 
     </span>
    </p>

    <p class='ocr_par' dir='ltr' id='par_1_21' title="bbox 1100 576 1949 714">
     <span class='ocr_line' id='line_1_65' title="bbox 1188 576 1949 611; baseline 0.004 -3"><span class='ocrx_word' id='word_1_419' title='bbox 1188 576 1266 608; x_wconf 91' lang='lat' dir='ltr'><strong>Hoc</strong></span> <span class='ocrx_word' id='word_1_420' title='bbox 1304 586 1395 608; x_wconf 88' lang='lat' dir='ltr'><strong>anno</strong></span> <span class='ocrx_word' id='word_1_421' title='bbox 1431 588 1493 609; x_wconf 88' lang='lat' dir='ltr'><strong>rex</strong></span> <span class='ocrx_word' id='word_1_422' title='bbox 1530 577 1736 610; x_wconf 85' lang='lat' dir='ltr'><strong>Alamannie</strong></span> <span class='ocrx_word' id='word_1_423' title='bbox 1776 578 1949 611; x_wconf 86' lang='lat' dir='ltr'><strong>Henricus</strong></span> 
     </span>
     <span class='ocr_line' id='line_1_66' title="bbox 1102 630 1949 672; baseline 0.004 -11"><span class='ocrx_word' id='word_1_424' title='bbox 1102 630 1189 661; x_wconf 87' lang='lat' dir='ltr'><strong>filius</strong></span> <span class='ocrx_word' id='word_1_425' title='bbox 1213 630 1433 672; x_wconf 86' lang='lat' dir='ltr'><strong>Imperatoris</strong></span> <span class='ocrx_word' id='word_1_426' title='bbox 1454 631 1561 663; x_wconf 78' lang='lat' dir='ltr'><strong>filiam</strong></span> <span class='ocrx_word' id='word_1_427' title='bbox 1583 631 1684 664; x_wconf 86' lang='lat' dir='ltr'><strong>ducis</strong></span> <span class='ocrx_word' id='word_1_428' title='bbox 1698 631 1837 664; x_wconf 79' lang='lat' dir='ltr'><strong>Austrie</strong></span> <span class='ocrx_word' id='word_1_429' title='bbox 1853 631 1949 664; x_wconf 86' lang='lat' dir='ltr'><strong>duxit</strong></span> 
     </span>
     <span class='ocr_line' id='line_1_67' title="bbox 1100 693 1254 714; baseline 0 0"><span class='ocrx_word' id='word_1_430' title='bbox 1100 693 1254 714; x_wconf 89' lang='lat' dir='ltr'><strong>uxorem.</strong></span> 
     </span>
    </p>

    <p class='ocr_par' dir='ltr' id='par_1_22' title="bbox 1100 736 1948 980">
     <span class='ocr_line' id='line_1_68' title="bbox 1189 736 1947 781; baseline 0.007 -14"><span class='ocrx_word' id='word_1_431' title='bbox 1189 736 1361 769; x_wconf 85' lang='lat' dir='ltr'><strong>Honorius</strong></span> <span class='ocrx_word' id='word_1_432' title='bbox 1383 748 1476 780; x_wconf 86' lang='lat' dir='ltr'><strong>papa</strong></span> <span class='ocrx_word' id='word_1_433' title='bbox 1498 749 1562 780; x_wconf 89' lang='lat' dir='ltr'><strong>pro</strong></span> <span class='ocrx_word' id='word_1_434' title='bbox 1580 739 1675 771; x_wconf 80' lang='lat' dir='ltr'><strong>facto</strong></span> <span class='ocrx_word' id='word_1_435' title='bbox 1699 739 1813 772; x_wconf 89' lang='lat' dir='ltr'><strong>crucis</strong></span> <span class='ocrx_word' id='word_1_436' title='bbox 1828 740 1947 781; x_wconf 89' lang='lat' dir='ltr'><strong>predi-</strong></span> 
     </span>
     <span class='ocr_line' id='line_1_69' title="bbox 1102 790 1948 836; baseline 0.005 -14"><span class='ocrx_word' id='word_1_437' title='bbox 1102 795 1236 822; x_wconf 87' lang='lat' dir='ltr'><strong>catores</strong></span> <span class='ocrx_word' id='word_1_438' title='bbox 1269 790 1382 829; x_wconf 85' lang='lat' dir='ltr'><strong>mittit,</strong></span> <span class='ocrx_word' id='word_1_439' title='bbox 1411 797 1446 823; x_wconf 87' lang='lat' dir='ltr'><strong>et</strong></span> <span class='ocrx_word' id='word_1_440' title='bbox 1472 791 1506 823; x_wconf 90' lang='lat' dir='ltr'><strong>in</strong></span> <span class='ocrx_word' id='word_1_441' title='bbox 1538 790 1778 824; x_wconf 88' lang='lat' dir='ltr'><strong>Alamanniam</strong></span> <span class='ocrx_word' id='word_1_442' title='bbox 1813 791 1948 836; x_wconf 84' lang='lat' dir='ltr'><strong>[dirigit</strong></span> 
     </span>
     <span class='ocr_line' id='line_1_70' title="bbox 1100 841 1946 886; baseline 0.005 -12"><span class='ocrx_word' id='word_1_443' title='bbox 1100 841 1338 884; x_wconf 74' lang='lat' dir='ltr'><strong>portuensem]</strong></span> <span class='ocrx_word' id='word_1_444' title='bbox 1363 844 1562 886; x_wconf 87' lang='lat' dir='ltr'><strong>episcopum</strong></span> <span class='ocrx_word' id='word_1_445' title='bbox 1601 855 1677 877; x_wconf 89' lang='lat' dir='ltr'><strong>cum</strong></span> <span class='ocrx_word' id='word_1_446' title='bbox 1713 846 1836 877; x_wconf 86' lang='lat' dir='ltr'><strong>litteris</strong></span> <span class='ocrx_word' id='word_1_447' title='bbox 1867 847 1946 884; x_wconf 83' lang='lat' dir='ltr'><strong>suis,</strong></span> 
     </span>
     <span class='ocr_line' id='line_1_71' title="bbox 1101 895 1945 937; baseline 0.007 -11"><span class='ocrx_word' id='word_1_448' title='bbox 1101 905 1186 937; x_wconf 88' lang='lat' dir='ltr'><strong>quas</strong></span> <span class='ocrx_word' id='word_1_449' title='bbox 1208 895 1290 937; x_wconf 88' lang='lat' dir='ltr'><strong>ipsis</strong></span> <span class='ocrx_word' id='word_1_450' title='bbox 1314 896 1590 937; x_wconf 85' lang='lat' dir='ltr'><strong>predicatoribus</strong></span> <span class='ocrx_word' id='word_1_451' title='bbox 1614 898 1718 930; x_wconf 89' lang='lat' dir='ltr'><strong>simili</strong></span> <span class='ocrx_word' id='word_1_452' title='bbox 1741 899 1844 932; x_wconf 90' lang='lat' dir='ltr'><strong>modo</strong></span> <span class='ocrx_word' id='word_1_453' title='bbox 1862 909 1945 932; x_wconf 91' lang='lat' dir='ltr'><strong>con-</strong></span> 
     </span>
     <span class='ocr_line' id='line_1_72' title="bbox 1101 947 1205 980; baseline 0.01 -1"><span class='ocrx_word' id='word_1_454' title='bbox 1101 947 1205 980; x_wconf 81' lang='lat' dir='ltr'><strong>cedit.</strong></span> 
     </span>
    </p>

    <p class='ocr_par' dir='ltr' id='par_1_23' title="bbox 1100 1001 1947 1197">
     <span class='ocr_line' id='line_1_73' title="bbox 1188 1001 1947 1048; baseline 0.007 -16"><span class='ocrx_word' id='word_1_455' title='bbox 1188 1001 1265 1034; x_wconf 92' lang='lat' dir='ltr'><strong>Hoc</strong></span> <span class='ocrx_word' id='word_1_456' title='bbox 1299 1012 1391 1034; x_wconf 86' lang='lat' dir='ltr'><strong>anno</strong></span> <span class='ocrx_word' id='word_1_457' title='bbox 1424 1014 1486 1036; x_wconf 85' lang='lat' dir='ltr'><strong>rex</strong></span> <span class='ocrx_word' id='word_1_458' title='bbox 1522 1004 1670 1037; x_wconf 87' lang='lat' dir='ltr'><strong>Francie</strong></span> <span class='ocrx_word' id='word_1_459' title='bbox 1702 1005 1853 1038; x_wconf 87' lang='lat' dir='ltr'><strong>monitus</strong></span> <span class='ocrx_word' id='word_1_460' title='bbox 1884 1018 1947 1048; x_wconf 90' lang='lat' dir='ltr'><strong>per</strong></span> 
     </span>
     <span class='ocr_line' id='line_1_74' title="bbox 1101 1054 1947 1102; baseline 0.007 -17"><span class='ocrx_word' id='word_1_461' title='bbox 1101 1054 1278 1086; x_wconf 91' lang='lat' dir='ltr'><strong>dominum</strong></span> <span class='ocrx_word' id='word_1_462' title='bbox 1302 1055 1496 1087; x_wconf 88' lang='lat' dir='ltr'><strong>Romanum</strong></span> <span class='ocrx_word' id='word_1_463' title='bbox 1522 1058 1714 1099; x_wconf 86' lang='lat' dir='ltr'><strong>apostolice</strong></span> <span class='ocrx_word' id='word_1_464' title='bbox 1738 1059 1831 1091; x_wconf 82' lang='lat' dir='ltr'><strong>sedis</strong></span> <span class='ocrx_word' id='word_1_465' title='bbox 1855 1059 1947 1102; x_wconf 84' lang='lat' dir='ltr'><strong>lega-</strong></span> 
     </span>
     <span class='ocr_line' id='line_1_75' title="bbox 1101 1108 1945 1153; baseline 0.007 -15"><span class='ocrx_word' id='word_1_466' title='bbox 1101 1113 1181 1144; x_wconf 86' lang='lat' dir='ltr'><strong>tum,</strong></span> <span class='ocrx_word' id='word_1_467' title='bbox 1206 1113 1329 1139; x_wconf 88' lang='lat' dir='ltr'><strong>contra</strong></span> <span class='ocrx_word' id='word_1_468' title='bbox 1352 1108 1561 1151; x_wconf 87' lang='lat' dir='ltr'><strong>Albigenses</strong></span> <span class='ocrx_word' id='word_1_469' title='bbox 1585 1121 1662 1142; x_wconf 91' lang='lat' dir='ltr'><strong>cum</strong></span> <span class='ocrx_word' id='word_1_470' title='bbox 1680 1111 1821 1153; x_wconf 90' lang='lat' dir='ltr'><strong>copioso</strong></span> <span class='ocrx_word' id='word_1_471' title='bbox 1838 1113 1865 1144; x_wconf 90' lang='lat' dir='ltr'><strong>F</strong></span> <span class='ocrx_word' id='word_1_472' title='bbox 1868 1124 1945 1144; x_wconf 86' lang='lat' dir='ltr'><strong>ran-</strong></span> 
     </span>
     <span class='ocr_line' id='line_1_76' title="bbox 1100 1161 1856 1197; baseline 0.008 -6"><span class='ocrx_word' id='word_1_473' title='bbox 1100 1170 1218 1192; x_wconf 89' lang='lat' dir='ltr'><strong>corum</strong></span> <span class='ocrx_word' id='word_1_474' title='bbox 1244 1161 1400 1193; x_wconf 78' lang='lat' dir='ltr'><strong>exercitu</strong></span> <span class='ocrx_word' id='word_1_475' title='bbox 1422 1162 1458 1194; x_wconf 92' lang='lat' dir='ltr'><strong>in</strong></span> <span class='ocrx_word' id='word_1_476' title='bbox 1482 1162 1702 1196; x_wconf 81' lang='lat' dir='ltr'><strong>Prouinciam</strong></span> <span class='ocrx_word' id='word_1_477' title='bbox 1725 1165 1823 1197; x_wconf 85' lang='lat' dir='ltr'><strong>uadit</strong></span> <span class='ocrx_word' id='word_1_478' title='bbox 1838 1164 1856 1197; x_wconf 91' lang='lat'><strong>¹.</strong></span> 
     </span>
    </p>

    <p class='ocr_par' dir='ltr' id='par_1_24' title="bbox 1101 1213 1946 1308">
     <span class='ocr_line' id='line_1_77' title="bbox 1189 1213 1946 1258; baseline 0.008 -13"><span class='ocrx_word' id='word_1_479' title='bbox 1189 1213 1306 1256; x_wconf 77' lang='lat' dir='ltr'><strong>Reges</strong></span> <span class='ocrx_word' id='word_1_480' title='bbox 1334 1214 1490 1258; x_wconf 87' lang='lat' dir='ltr'><strong>Hyspani</strong></span> <span class='ocrx_word' id='word_1_481' title='bbox 1515 1221 1641 1248; x_wconf 87' lang='lat' dir='ltr'><strong>terram</strong></span> <span class='ocrx_word' id='word_1_482' title='bbox 1665 1217 1946 1258; x_wconf 84' lang='lat' dir='ltr'><strong>M[iramammol-</strong></span> 
     </span>
     <span class='ocr_line' id='line_1_78' title="bbox 1101 1266 1365 1308; baseline 0.011 -11"><span class='ocrx_word' id='word_1_483' title='bbox 1101 1266 1163 1298; x_wconf 88' lang='lat' dir='ltr'><strong>lini</strong></span> <span class='ocrx_word' id='word_1_484' title='bbox 1186 1267 1329 1308; x_wconf 86' lang='lat' dir='ltr'><strong>intrant]</strong></span> <span class='ocrx_word' id='word_1_485' title='bbox 1343 1267 1365 1300; x_wconf 79' lang='lat'><strong>².</strong></span> 
     </span>
    </p>

    <p class='ocr_par' dir='ltr' id='par_1_25' title="bbox 1100 1320 1948 1845">
     <span class='ocr_line' id='line_1_79' title="bbox 1190 1320 1947 1366; baseline 0.008 -14"><span class='ocrx_word' id='word_1_486' title='bbox 1190 1320 1362 1353; x_wconf 86' lang='lat' dir='ltr'><strong>Honorius</strong></span> <span class='ocrx_word' id='word_1_487' title='bbox 1384 1332 1475 1364; x_wconf 78' lang='lat' dir='ltr'><strong>papa</strong></span> <span class='ocrx_word' id='word_1_488' title='bbox 1505 1323 1754 1366; x_wconf 70' lang='lat' dir='ltr'><strong>indulgentiam</strong></span> <span class='ocrx_word' id='word_1_489' title='bbox 1784 1323 1947 1358; x_wconf 84' lang='lat' dir='ltr'><strong>Sarrace-</strong></span> 
     </span>
     <span class='ocr_line' id='line_1_80' title="bbox 1101 1373 1948 1420; baseline 0.008 -16"><span class='ocrx_word' id='word_1_490' title='bbox 1101 1373 1198 1415; x_wconf 87' lang='lat' dir='ltr'><strong>nisci,</strong></span> <span class='ocrx_word' id='word_1_491' title='bbox 1223 1384 1292 1417; x_wconf 87' lang='lat' dir='ltr'><strong>que</strong></span> <span class='ocrx_word' id='word_1_492' title='bbox 1316 1383 1359 1406; x_wconf 90' lang='lat' dir='ltr'><strong>ex</strong></span> <span class='ocrx_word' id='word_1_493' title='bbox 1383 1375 1642 1418; x_wconf 82' lang='lat' dir='ltr'><strong>longiturnitate</strong></span> <span class='ocrx_word' id='word_1_494' title='bbox 1668 1379 1834 1420; x_wconf 88' lang='lat' dir='ltr'><strong>temporis</strong></span> <span class='ocrx_word' id='word_1_495' title='bbox 1865 1379 1948 1411; x_wconf 87' lang='lat' dir='ltr'><strong>satis</strong></span> 
     </span>
     <span class='ocr_line' id='line_1_81' title="bbox 1100 1427 1948 1471; baseline 0.007 -13"><span class='ocrx_word' id='word_1_496' title='bbox 1100 1427 1305 1465; x_wconf 86' lang='lat' dir='ltr'><strong>inoleuerat,</strong></span> <span class='ocrx_word' id='word_1_497' title='bbox 1321 1433 1483 1471; x_wconf 78' lang='lat' dir='ltr'><strong>tanquam</strong></span> <span class='ocrx_word' id='word_1_498' title='bbox 1499 1429 1623 1461; x_wconf 77' lang='lat' dir='ltr'><strong>falsam</strong></span> <span class='ocrx_word' id='word_1_499' title='bbox 1639 1431 1800 1470; x_wconf 86' lang='lat' dir='ltr'><strong>cassauit,</strong></span> <span class='ocrx_word' id='word_1_500' title='bbox 1816 1438 1850 1463; x_wconf 88' lang='lat' dir='ltr'><strong>et</strong></span> <span class='ocrx_word' id='word_1_501' title='bbox 1872 1432 1948 1463; x_wconf 89' lang='lat' dir='ltr'><strong>irri-</strong></span> 
     </span>
     <span class='ocr_line' id='line_1_82' title="bbox 1101 1481 1948 1526; baseline 0.007 -14"><span class='ocrx_word' id='word_1_502' title='bbox 1101 1486 1170 1512; x_wconf 86' lang='lat' dir='ltr'><strong>tam</strong></span> <span class='ocrx_word' id='word_1_503' title='bbox 1194 1491 1259 1523; x_wconf 87' lang='lat' dir='ltr'><strong>per</strong></span> <span class='ocrx_word' id='word_1_504' title='bbox 1274 1491 1352 1513; x_wconf 87' lang='lat' dir='ltr'><strong>suas</strong></span> <span class='ocrx_word' id='word_1_505' title='bbox 1369 1481 1502 1514; x_wconf 86' lang='lat' dir='ltr'><strong>litteras</strong></span> <span class='ocrx_word' id='word_1_506' title='bbox 1518 1483 1738 1516; x_wconf 81' lang='lat' dir='ltr'><strong>denuntiauit</strong></span> <span class='ocrx_word' id='word_1_507' title='bbox 1759 1484 1889 1526; x_wconf 86' lang='lat' dir='ltr'><strong>pariter</strong></span> <span class='ocrx_word' id='word_1_508' title='bbox 1912 1492 1948 1518; x_wconf 86' lang='lat' dir='ltr'><strong>et</strong></span> 
     </span>
     <span class='ocr_line' id='line_1_83' title="bbox 1101 1534 1946 1577; baseline 0.006 -11"><span class='ocrx_word' id='word_1_509' title='bbox 1101 1534 1249 1572; x_wconf 83' lang='lat' dir='ltr'><strong>inanem,</strong></span> <span class='ocrx_word' id='word_1_510' title='bbox 1273 1545 1337 1576; x_wconf 90' lang='lat' dir='ltr'><strong>pro</strong></span> <span class='ocrx_word' id='word_1_511' title='bbox 1360 1544 1402 1566; x_wconf 93' lang='lat' dir='ltr'><strong>eo</strong></span> <span class='ocrx_word' id='word_1_512' title='bbox 1425 1535 1520 1577; x_wconf 89' lang='lat' dir='ltr'><strong>quod</strong></span> <span class='ocrx_word' id='word_1_513' title='bbox 1546 1535 1666 1568; x_wconf 86' lang='lat' dir='ltr'><strong>clerici</strong></span> <span class='ocrx_word' id='word_1_514' title='bbox 1694 1537 1764 1569; x_wconf 92' lang='lat' dir='ltr'><strong>loci</strong></span> <span class='ocrx_word' id='word_1_515' title='bbox 1794 1538 1946 1571; x_wconf 88' lang='lat' dir='ltr'><strong>eiusdem</strong></span> 
     </span>
     <span class='ocr_line' id='line_1_84' title="bbox 1101 1587 1946 1632; baseline 0.005 -12"><span class='ocrx_word' id='word_1_516' title='bbox 1101 1588 1231 1621; x_wconf 84' lang='lat' dir='ltr'><strong>dabant</strong></span> <span class='ocrx_word' id='word_1_517' title='bbox 1264 1587 1513 1621; x_wconf 88' lang='lat' dir='ltr'><strong>accedentibus</strong></span> <span class='ocrx_word' id='word_1_518' title='bbox 1543 1589 1588 1621; x_wconf 89' lang='lat' dir='ltr'><strong>ad</strong></span> <span class='ocrx_word' id='word_1_519' title='bbox 1618 1589 1730 1632; x_wconf 89' lang='lat' dir='ltr'><strong>ipsam</strong></span> <span class='ocrx_word' id='word_1_520' title='bbox 1762 1591 1946 1624; x_wconf 89' lang='lat' dir='ltr'><strong>ecclesiam</strong></span> 
     </span>
     <span class='ocr_line' id='line_1_85' title="bbox 1101 1641 1948 1686; baseline 0.006 -13"><span class='ocrx_word' id='word_1_521' title='bbox 1101 1641 1339 1674; x_wconf 86' lang='lat' dir='ltr'><strong>remissionem</strong></span> <span class='ocrx_word' id='word_1_522' title='bbox 1358 1643 1510 1675; x_wconf 88' lang='lat' dir='ltr'><strong>omnium</strong></span> <span class='ocrx_word' id='word_1_523' title='bbox 1527 1650 1762 1686; x_wconf 87' lang='lat' dir='ltr'><strong>peccatorum,</strong></span> <span class='ocrx_word' id='word_1_524' title='bbox 1778 1646 1948 1678; x_wconf 84' lang='lat' dir='ltr'><strong>facientes</strong></span> 
     </span>
     <span class='ocr_line' id='line_1_86' title="bbox 1102 1694 1948 1740; baseline 0.007 -15"><span class='ocrx_word' id='word_1_525' title='bbox 1102 1695 1152 1726; x_wconf 88' lang='lat' dir='ltr'><strong>eis</strong></span> <span class='ocrx_word' id='word_1_526' title='bbox 1174 1694 1332 1738; x_wconf 86' lang='lat' dir='ltr'><strong>intelligi,</strong></span> <span class='ocrx_word' id='word_1_527' title='bbox 1355 1696 1448 1738; x_wconf 89' lang='lat' dir='ltr'><strong>quod</strong></span> <span class='ocrx_word' id='word_1_528' title='bbox 1470 1697 1521 1729; x_wconf 87' lang='lat' dir='ltr'><strong>ita</strong></span> <span class='ocrx_word' id='word_1_529' title='bbox 1545 1697 1589 1729; x_wconf 91' lang='lat' dir='ltr'><strong>de</strong></span> <span class='ocrx_word' id='word_1_530' title='bbox 1612 1699 1767 1740; x_wconf 89' lang='lat' dir='ltr'><strong>peccatis</strong></span> <span class='ocrx_word' id='word_1_531' title='bbox 1790 1699 1948 1731; x_wconf 86' lang='lat' dir='ltr'><strong>omnibus</strong></span> 
     </span>
     <span class='ocr_line' id='line_1_87' title="bbox 1103 1749 1946 1794; baseline 0.005 -14"><span class='ocrx_word' id='word_1_532' title='bbox 1103 1749 1280 1781; x_wconf 81' lang='lat' dir='ltr'><strong>emundati</strong></span> <span class='ocrx_word' id='word_1_533' title='bbox 1302 1750 1518 1789; x_wconf 87' lang='lat' dir='ltr'><strong>recederent,</strong></span> <span class='ocrx_word' id='word_1_534' title='bbox 1535 1751 1625 1783; x_wconf 88' lang='lat' dir='ltr'><strong>sicut</strong></span> <span class='ocrx_word' id='word_1_535' title='bbox 1646 1751 1781 1793; x_wconf 86' lang='lat' dir='ltr'><strong>pertica</strong></span> <span class='ocrx_word' id='word_1_536' title='bbox 1798 1752 1946 1794; x_wconf 88' lang='lat' dir='ltr'><strong>quedam</strong></span> 
     </span>
     <span class='ocr_line' id='line_1_88' title="bbox 1102 1802 1945 1845; baseline 0.006 -12"><span class='ocrx_word' id='word_1_537' title='bbox 1102 1812 1204 1845; x_wconf 84' lang='lat' dir='ltr'><strong>quam</strong></span> <span class='ocrx_word' id='word_1_538' title='bbox 1222 1802 1455 1836; x_wconf 86' lang='lat' dir='ltr'><strong>ostendebant</strong></span> <span class='ocrx_word' id='word_1_539' title='bbox 1472 1803 1520 1835; x_wconf 88' lang='lat' dir='ltr'><strong>eis</strong></span> <span class='ocrx_word' id='word_1_540' title='bbox 1537 1804 1670 1837; x_wconf 87' lang='lat' dir='ltr'><strong>cortice</strong></span> <span class='ocrx_word' id='word_1_541' title='bbox 1687 1804 1908 1838; x_wconf 86' lang='lat' dir='ltr'><strong>emundatam</strong></span> <span class='ocrx_word' id='word_1_542' title='bbox 1923 1805 1945 1838; x_wconf 80' lang='lat'><strong>⁸.</strong></span> 
     </span>
    </p>
   </div>
   <div class='ocr_carea' id='block_1_18' title="bbox 1105 2049 1315 2054">
    <p class='ocr_par' dir='ltr' id='par_1_26' title="bbox 1105 2049 1315 2054">
     <span class='ocr_line' id='line_1_89' title="bbox 1105 2049 1315 2054; baseline 0 0"><span class='ocrx_word' id='word_1_543' title='bbox 1105 2049 1315 2054; x_wconf 95' lang='lat' dir='ltr'><strong> </strong></span> 
     </span>
    </p>
   </div>
   <div class='ocr_carea' id='block_1_19' title="bbox 1099 2106 1948 2222">
    <p class='ocr_par' dir='ltr' id='par_1_27' title="bbox 1099 2106 1948 2222">
     <span class='ocr_line' id='line_1_90' title="bbox 1193 2106 1947 2141; baseline 0.004 -9"><span class='ocrx_word' id='word_1_544' title='bbox 1193 2106 1235 2133; x_wconf 82' lang='lat'><strong>18.</strong></span> <span class='ocrx_word' id='word_1_545' title='bbox 1254 2109 1395 2141; x_wconf 76' lang='lat' dir='ltr'><strong>occupant</strong></span> <span class='ocrx_word' id='word_1_546' title='bbox 1415 2108 1504 2138; x_wconf 73' lang='lat' dir='ltr'><strong>UGH.;</strong></span> <span class='ocrx_word' id='word_1_547' title='bbox 1529 2109 1552 2133; x_wconf 84' lang='lat' dir='ltr'><strong>il</strong></span> <span class='ocrx_word' id='word_1_548' title='bbox 1572 2112 1658 2134; x_wconf 84' lang='lat' dir='ltr'><strong>tratto</strong></span> <span class='ocrx_word' id='word_1_549' title='bbox 1676 2108 1690 2132; x_wconf 75' lang='grc' dir='ltr'><em>ὲ</em></span> <span class='ocrx_word' id='word_1_550' title='bbox 1709 2110 1794 2134; x_wconf 77' lang='lat' dir='ltr'><strong>deleto</strong></span> <span class='ocrx_word' id='word_1_551' title='bbox 1814 2114 1868 2141; x_wconf 73' lang='lat' dir='ltr'><strong>per</strong></span> <span class='ocrx_word' id='word_1_552' title='bbox 1886 2118 1947 2135; x_wconf 78' lang='lat' dir='ltr'><strong>rea-</strong></span> 
     </span>
     <span class='ocr_line' id='line_1_91' title="bbox 1099 2153 1948 2188; baseline 0.005 -12"><span class='ocrx_word' id='word_1_553' title='bbox 1099 2155 1183 2185; x_wconf 78' lang='lat' dir='ltr'><strong>gente</strong></span> <span class='ocrx_word' id='word_1_554' title='bbox 1202 2153 1318 2183; x_wconf 75' lang='lat' dir='ltr'><strong>chimico,</strong></span> <span class='ocrx_word' id='word_1_555' title='bbox 1338 2161 1352 2176; x_wconf 82' lang='lat' dir='ltr'><strong>e</strong></span> <span class='ocrx_word' id='word_1_556' title='bbox 1369 2153 1460 2183; x_wconf 61' lang='lat' dir='ltr'><strong>perci&amp;</strong></span> <span class='ocrx_word' id='word_1_557' title='bbox 1479 2161 1561 2186; x_wconf 76' lang='lat' dir='ltr'><strong>segue</strong></span> <span class='ocrx_word' id='word_1_558' title='bbox 1575 2155 1603 2178; x_wconf 88' lang='lat' dir='ltr'><strong>la</strong></span> <span class='ocrx_word' id='word_1_559' title='bbox 1622 2154 1722 2179; x_wconf 74' lang='lat' dir='ltr'><strong>lezione</strong></span> <span class='ocrx_word' id='word_1_560' title='bbox 1741 2155 1839 2179; x_wconf 73' lang='lat' dir='ltr'>PERTz</span> <span class='ocrx_word' id='word_1_561' title='bbox 1859 2168 1890 2172; x_wconf 88' lang='lat'><strong>——-</strong></span> <span class='ocrx_word' id='word_1_562' title='bbox 1907 2162 1948 2188; x_wconf 85' lang='lat'><strong>19-</strong></span> 
     </span>
     <span class='ocr_line' id='line_1_92' title="bbox 1103 2197 1447 2222; baseline 0.003 -1"><span class='ocrx_word' id='word_1_563' title='bbox 1103 2203 1145 2222; x_wconf 85' lang='lat'><strong>20.</strong></span> <span class='ocrx_word' id='word_1_564' title='bbox 1164 2197 1332 2222; x_wconf 80' lang='lat' dir='ltr'><strong>saracinisci</strong></span> <span class='ocrx_word' id='word_1_565' title='bbox 1351 2197 1447 2222; x_wconf 60' lang='lat' dir='ltr'><strong>Pmrrz</strong></span> 
     </span>
    </p>
   </div>
   <div class='ocr_carea' id='block_1_20' title="bbox 1050 2301 1948 3053">
    <p class='ocr_par' dir='ltr' id='par_1_28' title="bbox 1050 2301 1948 2925">
     <span class='ocr_line' id='line_1_93' title="bbox 1051 2301 1948 2336; baseline 0.002 -10"><span class='ocrx_word' id='word_1_566' title='bbox 1051 2301 1097 2326; x_wconf 78' lang='grc' dir='ltr'><strong>οὶὸ</strong></span> <span class='ocrx_word' id='word_1_567' title='bbox 1118 2302 1143 2327; x_wconf 80' lang='lat' dir='ltr'><strong>si</strong></span> <span class='ocrx_word' id='word_1_568' title='bbox 1162 2304 1346 2334; x_wconf 76' lang='lat' dir='ltr'><strong>compincque</strong></span> <span class='ocrx_word' id='word_1_569' title='bbox 1366 2303 1387 2327; x_wconf 83' lang='lat' dir='ltr'><strong>il</strong></span> <span class='ocrx_word' id='word_1_570' title='bbox 1407 2302 1558 2335; x_wconf 83' lang='lat' dir='ltr'><strong>pontefice,</strong></span> <span class='ocrx_word' id='word_1_571' title='bbox 1576 2303 1759 2328; x_wconf 82' lang='lat' dir='ltr'><strong>incitandolo</strong></span> <span class='ocrx_word' id='word_1_572' title='bbox 1779 2311 1794 2328; x_wconf 82' lang='lat' dir='ltr'><strong>a</strong></span> <span class='ocrx_word' id='word_1_573' title='bbox 1820 2311 1948 2336; x_wconf 87' lang='lat' dir='ltr'><strong>perseve-</strong></span> 
     </span>
     <span class='ocr_line' id='line_1_94' title="bbox 1051 2345 1947 2377; baseline 0.003 -10"><span class='ocrx_word' id='word_1_574' title='bbox 1051 2352 1113 2368; x_wconf 83' lang='lat' dir='ltr'><strong>rare</strong></span> <span class='ocrx_word' id='word_1_575' title='bbox 1134 2345 1179 2369; x_wconf 85' lang='lat' dir='ltr'><strong>nei</strong></span> <span class='ocrx_word' id='word_1_576' title='bbox 1206 2345 1269 2368; x_wconf 85' lang='lat' dir='ltr'><strong>suoi</strong></span> <span class='ocrx_word' id='word_1_577' title='bbox 1294 2345 1449 2377; x_wconf 85' lang='lat' dir='ltr'><strong>propositi,</strong></span> <span class='ocrx_word' id='word_1_578' title='bbox 1470 2345 1497 2369; x_wconf 86' lang='lat' dir='ltr'><strong>la</strong></span> <span class='ocrx_word' id='word_1_579' title='bbox 1524 2352 1555 2370; x_wconf 84' lang='lat' dir='ltr'><strong>v1</strong></span> <span class='ocrx_word' id='word_1_580' title='bbox 1581 2345 1638 2370; x_wconf 86' lang='lat' dir='ltr'><strong>kal.</strong></span> <span class='ocrx_word' id='word_1_581' title='bbox 1664 2345 1815 2374; x_wconf 69' lang='lat' dir='ltr'><strong>d&#39;ottobre.</strong></span> <span class='ocrx_word' id='word_1_582' title='bbox 1842 2345 1875 2370; x_wconf 87' lang='lat'><strong>26</strong></span> <span class='ocrx_word' id='word_1_583' title='bbox 1900 2345 1947 2374; x_wconf 83' lang='lat' dir='ltr'><strong>1x.</strong></span> 
     </span>
     <span class='ocr_line' id='line_1_95' title="bbox 1052 2386 1946 2420; baseline 0.002 -10"><span class='ocrx_word' id='word_1_584' title='bbox 1052 2392 1129 2418; x_wconf 79' lang='lat'><strong>¹²²5·</strong></span> <span class='ocrx_word' id='word_1_585' title='bbox 1166 2386 1256 2411; x_wconf 82' lang='lat' dir='ltr'><strong>Pochi</strong></span> <span class='ocrx_word' id='word_1_586' title='bbox 1279 2387 1379 2418; x_wconf 85' lang='lat' dir='ltr'><strong>glorni</strong></span> <span class='ocrx_word' id='word_1_587' title='bbox 1404 2387 1491 2419; x_wconf 84' lang='lat' dir='ltr'><strong>dopo,</strong></span> <span class='ocrx_word' id='word_1_588' title='bbox 1518 2393 1532 2419; x_wconf 95' lang='lat'><strong>7</strong></span> <span class='ocrx_word' id='word_1_589' title='bbox 1559 2387 1595 2418; x_wconf 84' lang='lat' dir='ltr'><strong>X,</strong></span> <span class='ocrx_word' id='word_1_590' title='bbox 1620 2387 1649 2411; x_wconf 91' lang='lat' dir='ltr'><strong>lo</strong></span> <span class='ocrx_word' id='word_1_591' title='bbox 1674 2389 1765 2412; x_wconf 77' lang='lat' dir='ltr'><strong>stesso</strong></span> <span class='ocrx_word' id='word_1_592' title='bbox 1791 2395 1863 2420; x_wconf 80' lang='lat' dir='ltr'><strong>papa</strong></span> <span class='ocrx_word' id='word_1_593' title='bbox 1889 2387 1946 2411; x_wconf 77' lang='lat' dir='ltr'><strong>“in</strong></span> 
     </span>
     <span class='ocr_line' id='line_1_96' title="bbox 1052 2428 1946 2461; baseline 0.002 -9"><span class='ocrx_word' id='word_1_594' title='bbox 1052 2428 1066 2441; x_wconf 77' lang='lat'><strong>‘⁴</strong></span> <span class='ocrx_word' id='word_1_595' title='bbox 1078 2436 1166 2461; x_wconf 87' lang='lat' dir='ltr'><strong>regno</strong></span> <span class='ocrx_word' id='word_1_596' title='bbox 1185 2428 1389 2460; x_wconf 74' lang='lat' dir='ltr'><strong>Mil-annolini„</strong></span> <span class='ocrx_word' id='word_1_597' title='bbox 1412 2430 1578 2454; x_wconf 83' lang='lat' dir='ltr'><strong>concedette</strong></span> <span class='ocrx_word' id='word_1_598' title='bbox 1598 2430 1648 2454; x_wconf 86' lang='lat' dir='ltr'><strong>che</strong></span> <span class='ocrx_word' id='word_1_599' title='bbox 1668 2430 1759 2454; x_wconf 81' lang='lat' dir='ltr'><strong>ifrati</strong></span> <span class='ocrx_word' id='word_1_600' title='bbox 1775 2430 1819 2454; x_wconf 88' lang='lat' dir='ltr'><strong>dei</strong></span> <span class='ocrx_word' id='word_1_601' title='bbox 1835 2430 1889 2454; x_wconf 92' lang='lat' dir='ltr'><strong>due</strong></span> <span class='ocrx_word' id='word_1_602' title='bbox 1903 2437 1946 2454; x_wconf 88' lang='lat' dir='ltr'><strong>or-</strong></span> 
     </span>
     <span class='ocr_line' id='line_1_97' title="bbox 1050 2471 1946 2501; baseline 0.001 -6"><span class='ocrx_word' id='word_1_603' title='bbox 1050 2471 1122 2500; x_wconf 74' lang='lat' dir='ltr'><strong>dInl,</strong></span> <span class='ocrx_word' id='word_1_604' title='bbox 1142 2471 1188 2496; x_wconf 88' lang='lat' dir='ltr'><strong>dei</strong></span> <span class='ocrx_word' id='word_1_605' title='bbox 1207 2471 1387 2496; x_wconf 82' lang='lat' dir='ltr'><strong>Predicatori</strong></span> <span class='ocrx_word' id='word_1_606' title='bbox 1413 2479 1428 2496; x_wconf 82' lang='lat' dir='ltr'><strong>e</strong></span> <span class='ocrx_word' id='word_1_607' title='bbox 1455 2471 1500 2496; x_wconf 86' lang='lat' dir='ltr'><strong>del</strong></span> <span class='ocrx_word' id='word_1_608' title='bbox 1527 2471 1672 2501; x_wconf 80' lang='lat' dir='ltr'><strong>Minoriti,</strong></span> <span class='ocrx_word' id='word_1_609' title='bbox 1698 2472 1722 2496; x_wconf 90' lang='lat' dir='ltr'><strong>si</strong></span> <span class='ocrx_word' id='word_1_610' title='bbox 1748 2479 1890 2496; x_wconf 79' lang='lat' dir='ltr'><strong>recassero</strong></span> <span class='ocrx_word' id='word_1_611' title='bbox 1918 2473 1946 2496; x_wconf 84' lang='lat' dir='ltr'><strong>in</strong></span> 
     </span>
     <span class='ocr_line' id='line_1_98' title="bbox 1050 2513 1947 2546; baseline 0.001 -9"><span class='ocrx_word' id='word_1_612' title='bbox 1050 2513 1143 2545; x_wconf 88' lang='lat' dir='ltr'><strong>quelle</strong></span> <span class='ocrx_word' id='word_1_613' title='bbox 1162 2514 1274 2546; x_wconf 85' lang='lat' dir='ltr'><strong>regioni</strong></span> <span class='ocrx_word' id='word_1_614' title='bbox 1295 2521 1310 2538; x_wconf 86' lang='lat' dir='ltr'><strong>a</strong></span> <span class='ocrx_word' id='word_1_615' title='bbox 1336 2514 1491 2546; x_wconf 82' lang='lat' dir='ltr'><strong>predlcare‚</strong></span> <span class='ocrx_word' id='word_1_616' title='bbox 1517 2514 1676 2539; x_wconf 81' lang='lat' dir='ltr'><strong>battezzare</strong></span> <span class='ocrx_word' id='word_1_617' title='bbox 1702 2515 1712 2538; x_wconf 91' lang='lat' dir='ltr'><strong>i</strong></span> <span class='ocrx_word' id='word_1_618' title='bbox 1737 2513 1872 2538; x_wconf 79' lang='lat' dir='ltr'><strong>Saraceni</strong></span> <span class='ocrx_word' id='word_1_619' title='bbox 1898 2514 1947 2538; x_wconf 85' lang='lat' dir='ltr'><strong>che</strong></span> 
     </span>
     <span class='ocr_line' id='line_1_99' title="bbox 1050 2555 1946 2588; baseline 0 -8"><span class='ocrx_word' id='word_1_620' title='bbox 1050 2556 1276 2581; x_wconf 76' lang='lat' dir='ltr'><strong>abbracciavano</strong></span> <span class='ocrx_word' id='word_1_621' title='bbox 1304 2556 1333 2580; x_wconf 78' lang='lat' dir='ltr'><strong>la</strong></span> <span class='ocrx_word' id='word_1_622' title='bbox 1362 2563 1458 2581; x_wconf 81' lang='lat' dir='ltr'><strong>nuova</strong></span> <span class='ocrx_word' id='word_1_623' title='bbox 1484 2556 1546 2580; x_wconf 81' lang='lat' dir='ltr'><strong>fede</strong></span> <span class='ocrx_word' id='word_1_624' title='bbox 1571 2563 1586 2580; x_wconf 85' lang='lat' dir='ltr'><strong>e</strong></span> <span class='ocrx_word' id='word_1_625' title='bbox 1611 2558 1776 2580; x_wconf 82' lang='lat' dir='ltr'><strong>ammettere</strong></span> <span class='ocrx_word' id='word_1_626' title='bbox 1800 2556 1844 2588; x_wconf 84' lang='lat' dir='ltr'><strong>gli</strong></span> <span class='ocrx_word' id='word_1_627' title='bbox 1868 2555 1946 2588; x_wconf 83' lang='lat' dir='ltr'><strong>Apo-</strong></span> 
     </span>
     <span class='ocr_line' id='line_1_100' title="bbox 1051 2595 1947 2630; baseline 0 -9"><span class='ocrx_word' id='word_1_628' title='bbox 1051 2598 1129 2622; x_wconf 74' lang='lat' dir='ltr'><strong>stati.</strong></span> <span class='ocrx_word' id='word_1_629' title='bbox 1165 2597 1188 2622; x_wconf 85' lang='lat' dir='ltr'>E</span> <span class='ocrx_word' id='word_1_630' title='bbox 1208 2605 1261 2622; x_wconf 90' lang='lat' dir='ltr'><strong>con</strong></span> <span class='ocrx_word' id='word_1_631' title='bbox 1281 2599 1423 2622; x_wconf 86' lang='lat' dir='ltr'><strong>crescente</strong></span> <span class='ocrx_word' id='word_1_632' title='bbox 1443 2595 1572 2628; x_wconf 63' lang='lat' dir='ltr'><strong>unvita,</strong></span> <span class='ocrx_word' id='word_1_633' title='bbox 1592 2598 1647 2630; x_wconf 82' lang='lat' dir='ltr'><strong>egli</strong></span> <span class='ocrx_word' id='word_1_634' title='bbox 1669 2597 1691 2621; x_wconf 91' lang='grc'><strong>11</strong></span> <span class='ocrx_word' id='word_1_635' title='bbox 1718 2604 1752 2621; x_wconf 85' lang='lat'><strong>20</strong></span> <span class='ocrx_word' id='word_1_636' title='bbox 1772 2596 1808 2628; x_wconf 88' lang='lat'><strong>11,</strong></span> <span class='ocrx_word' id='word_1_637' title='bbox 1826 2598 1891 2622; x_wconf 78' lang='lat'><strong>1226</strong></span> <span class='ocrx_word' id='word_1_638' title='bbox 1906 2605 1947 2622; x_wconf 89' lang='lat' dir='ltr'><strong>or-</strong></span> 
     </span>
     <span class='ocr_line' id='line_1_101' title="bbox 1051 2638 1945 2664; baseline 0 0"><span class='ocrx_word' id='word_1_639' title='bbox 1051 2639 1156 2664; x_wconf 81' lang='lat' dir='ltr'><strong>dinava</strong></span> <span class='ocrx_word' id='word_1_640' title='bbox 1177 2647 1192 2664; x_wconf 78' lang='lat' dir='ltr'><strong>a</strong></span> <span class='ocrx_word' id='word_1_641' title='bbox 1210 2638 1354 2664; x_wconf 85' lang='lat' dir='ltr'><strong>Roderieo</strong></span> <span class='ocrx_word' id='word_1_642' title='bbox 1373 2641 1560 2664; x_wconf 77' lang='lat' dir='ltr'><strong>arcivescovo</strong></span> <span class='ocrx_word' id='word_1_643' title='bbox 1580 2640 1610 2664; x_wconf 86' lang='lat' dir='ltr'><strong>di</strong></span> <span class='ocrx_word' id='word_1_644' title='bbox 1629 2639 1739 2664; x_wconf 85' lang='lat' dir='ltr'><strong>Toledo</strong></span> <span class='ocrx_word' id='word_1_645' title='bbox 1756 2639 1784 2663; x_wconf 84' lang='lat' dir='ltr'><strong>di</strong></span> <span class='ocrx_word' id='word_1_646' title='bbox 1799 2641 1945 2664; x_wconf 78' lang='lat' dir='ltr'><strong>mandarvi</strong></span> 
     </span>
     <span class='ocr_line' id='line_1_102' title="bbox 1051 2681 1947 2714; baseline 0.001 -8"><span class='ocrx_word' id='word_1_647' title='bbox 1051 2681 1121 2707; x_wconf 75' lang='lat' dir='ltr'><strong>frati</strong></span> <span class='ocrx_word' id='word_1_648' title='bbox 1142 2682 1318 2714; x_wconf 83' lang='lat' dir='ltr'><strong>predicatori</strong></span> <span class='ocrx_word' id='word_1_649' title='bbox 1337 2689 1352 2707; x_wconf 94' lang='lat' dir='ltr'><strong>e</strong></span> <span class='ocrx_word' id='word_1_650' title='bbox 1372 2682 1514 2711; x_wconf 62' lang='lat' dir='ltr'><strong>minor-iti.</strong></span> <span class='ocrx_word' id='word_1_651' title='bbox 1534 2689 1587 2706; x_wconf 89' lang='lat' dir='ltr'><strong>con</strong></span> <span class='ocrx_word' id='word_1_652' title='bbox 1607 2690 1620 2706; x_wconf 78' lang='lat' dir='ltr'><strong>s</strong></span> <span class='ocrx_word' id='word_1_653' title='bbox 1643 2689 1714 2714; x_wconf 82' lang='lat' dir='ltr'><strong>capo</strong></span> <span class='ocrx_word' id='word_1_654' title='bbox 1734 2690 1792 2706; x_wconf 93' lang='lat' dir='ltr'><strong>uno</strong></span> <span class='ocrx_word' id='word_1_655' title='bbox 1807 2689 1824 2706; x_wconf 94' lang='lat' dir='ltr'><strong>o</strong></span> <span class='ocrx_word' id='word_1_656' title='bbox 1838 2683 1891 2706; x_wconf 90' lang='lat' dir='ltr'><strong>due</strong></span> <span class='ocrx_word' id='word_1_657' title='bbox 1906 2689 1947 2707; x_wconf 84' lang='lat' dir='ltr'><strong>ve-</strong></span> 
     </span>
     <span class='ocr_line' id='line_1_103' title="bbox 1052 2723 1945 2756; baseline 0.001 -8"><span class='ocrx_word' id='word_1_658' title='bbox 1052 2725 1141 2755; x_wconf 81' lang='lat' dir='ltr'><strong>scovi,</strong></span> <span class='ocrx_word' id='word_1_659' title='bbox 1160 2731 1175 2749; x_wconf 92' lang='lat' dir='ltr'><strong>e</strong></span> <span class='ocrx_word' id='word_1_660' title='bbox 1195 2725 1216 2748; x_wconf 88' lang='lat' dir='ltr'><strong>il</strong></span> <span class='ocrx_word' id='word_1_661' title='bbox 1240 2730 1269 2756; x_wconf 84' lang='lat'><strong>17</strong></span> <span class='ocrx_word' id='word_1_662' title='bbox 1295 2724 1344 2753; x_wconf 89' lang='lat'>111,</span> <span class='ocrx_word' id='word_1_663' title='bbox 1374 2723 1441 2748; x_wconf 78' lang='lat'>1226</span> <span class='ocrx_word' id='word_1_664' title='bbox 1465 2724 1634 2748; x_wconf 83' lang='lat' dir='ltr'><strong>consentiva</strong></span> <span class='ocrx_word' id='word_1_665' title='bbox 1659 2724 1687 2748; x_wconf 84' lang='lat' dir='ltr'><strong>ai</strong></span> <span class='ocrx_word' id='word_1_666' title='bbox 1713 2724 1766 2748; x_wconf 91' lang='lat' dir='ltr'><strong>due</strong></span> <span class='ocrx_word' id='word_1_667' title='bbox 1793 2725 1891 2748; x_wconf 81' lang='lat' dir='ltr'><strong>ordini</strong></span> <span class='ocrx_word' id='word_1_668' title='bbox 1916 2724 1945 2749; x_wconf 87' lang='lat' dir='ltr'><strong>di</strong></span> 
     </span>
     <span class='ocr_line' id='line_1_104' title="bbox 1051 2766 1947 2798; baseline 0.001 -8"><span class='ocrx_word' id='word_1_669' title='bbox 1051 2766 1121 2791; x_wconf 75' lang='lat' dir='ltr'><strong>frati</strong></span> <span class='ocrx_word' id='word_1_670' title='bbox 1149 2766 1286 2791; x_wconf 80' lang='lat' dir='ltr'><strong>destinati</strong></span> <span class='ocrx_word' id='word_1_671' title='bbox 1317 2767 1362 2791; x_wconf 91' lang='lat' dir='ltr'><strong>nel</strong></span> <span class='ocrx_word' id='word_1_672' title='bbox 1386 2767 1519 2791; x_wconf 79' lang='lat' dir='ltr'><strong>Marocco</strong></span> <span class='ocrx_word' id='word_1_673' title='bbox 1548 2766 1578 2790; x_wconf 89' lang='lat' dir='ltr'><strong>di</strong></span> <span class='ocrx_word' id='word_1_674' title='bbox 1604 2768 1712 2790; x_wconf 81' lang='lat' dir='ltr'><strong>mutare</strong></span> <span class='ocrx_word' id='word_1_675' title='bbox 1739 2766 1820 2798; x_wconf 84' lang='lat' dir='ltr'><strong>abiti,</strong></span> <span class='ocrx_word' id='word_1_676' title='bbox 1846 2768 1947 2791; x_wconf 85' lang='lat' dir='ltr'><strong>metter</strong></span> 
     </span>
     <span class='ocr_line' id='line_1_105' title="bbox 1051 2809 1946 2840; baseline 0.001 -7"><span class='ocrx_word' id='word_1_677' title='bbox 1051 2809 1136 2834; x_wconf 75' lang='lat' dir='ltr'><strong>barba</strong></span> <span class='ocrx_word' id='word_1_678' title='bbox 1156 2816 1170 2833; x_wconf 89' lang='lat' dir='ltr'><strong>e</strong></span> <span class='ocrx_word' id='word_1_679' title='bbox 1190 2809 1304 2834; x_wconf 86' lang='lat' dir='ltr'><strong>chloma</strong></span> <span class='ocrx_word' id='word_1_680' title='bbox 1324 2816 1373 2840; x_wconf 82' lang='lat' dir='ltr'><strong>per</strong></span> <span class='ocrx_word' id='word_1_681' title='bbox 1398 2809 1518 2834; x_wconf 75' lang='lat' dir='ltr'><strong>visitare</strong></span> <span class='ocrx_word' id='word_1_682' title='bbox 1545 2810 1552 2832; x_wconf 83' lang='grc'><strong>1</strong></span> <span class='ocrx_word' id='word_1_683' title='bbox 1580 2809 1715 2833; x_wconf 78' lang='lat' dir='ltr'><strong>cristlanl</strong></span> <span class='ocrx_word' id='word_1_684' title='bbox 1743 2810 1771 2832; x_wconf 85' lang='lat' dir='ltr'><strong>in</strong></span> <span class='ocrx_word' id='word_1_685' title='bbox 1798 2816 1907 2833; x_wconf 86' lang='lat' dir='ltr'><strong>carcere</strong></span> <span class='ocrx_word' id='word_1_686' title='bbox 1933 2817 1946 2834; x_wconf 88' lang='lat' dir='ltr'><strong>e</strong></span> 
     </span>
     <span class='ocr_line' id='line_1_106' title="bbox 1053 2851 1946 2884; baseline 0 -8"><span class='ocrx_word' id='word_1_687' title='bbox 1053 2851 1119 2876; x_wconf 84' lang='lat' dir='ltr'><strong>dare</strong></span> <span class='ocrx_word' id='word_1_688' title='bbox 1140 2853 1147 2875; x_wconf 87' lang='lat' dir='ltr'><strong>i</strong></span> <span class='ocrx_word' id='word_1_689' title='bbox 1169 2851 1355 2882; x_wconf 78' lang='lat' dir='ltr'><strong>sacramenti3</strong></span> <span class='ocrx_word' id='word_1_690' title='bbox 1375 2852 1412 2876; x_wconf 84' lang='lat' dir='ltr'><strong>cf.</strong></span> <span class='ocrx_word' id='word_1_691' title='bbox 1432 2852 1597 2883; x_wconf 71' lang='lat' dir='ltr'><strong>Por-rimsr,</strong></span> <span class='ocrx_word' id='word_1_692' title='bbox 1620 2858 1669 2876; x_wconf 86' lang='lat' dir='ltr'><strong>nn.</strong></span> <span class='ocrx_word' id='word_1_693' title='bbox 1688 2851 1765 2884; x_wconf 78' lang='lat'>7484.</span> <span class='ocrx_word' id='word_1_694' title='bbox 1781 2857 1857 2883; x_wconf 77' lang='lat'>7490,</span> <span class='ocrx_word' id='word_1_695' title='bbox 1877 2857 1946 2884; x_wconf 76' lang='lat'><strong>7537</strong></span> 
     </span>
     <span class='ocr_line' id='line_1_107' title="bbox 1053 2899 1167 2925; baseline 0 0"><span class='ocrx_word' id='word_1_696' title='bbox 1053 2901 1068 2919; x_wconf 73' lang='lat' dir='ltr'><strong>e</strong></span> <span class='ocrx_word' id='word_1_697' title='bbox 1088 2899 1167 2925; x_wconf 84' lang='lat'><strong>7550·</strong></span> 
     </span>
    </p>

    <p class='ocr_par' dir='ltr' id='par_1_29' title="bbox 1054 2934 1947 3053">
     <span class='ocr_line' id='line_1_108' title="bbox 1142 2934 1947 2968; baseline 0 -8"><span class='ocrx_word' id='word_1_698' title='bbox 1142 2934 1152 2950; x_wconf 79' lang='lat'><strong>³</strong></span> <span class='ocrx_word' id='word_1_699' title='bbox 1171 2936 1339 2967; x_wconf 70' lang='grc' dir='ltr'><strong>ΡοτιῊΛετ,</strong></span> <span class='ocrx_word' id='word_1_700' title='bbox 1360 2945 1387 2961; x_wconf 88' lang='lat' dir='ltr'><strong>n.</strong></span> <span class='ocrx_word' id='word_1_701' title='bbox 1407 2942 1490 2968; x_wconf 73' lang='lat'><strong>7490:</strong></span> <span class='ocrx_word' id='word_1_702' title='bbox 1510 2935 1543 2960; x_wconf 89' lang='lat' dir='ltr'><strong>L.</strong></span> <span class='ocrx_word' id='word_1_703' title='bbox 1563 2935 1719 2967; x_wconf 54' lang='lat' dir='ltr'><strong>wlnnmo,</strong></span> <span class='ocrx_word' id='word_1_704' title='bbox 1747 2936 1867 2960; x_wconf 75' lang='lat' dir='ltr'><strong>Annales</strong></span> <span class='ocrx_word' id='word_1_705' title='bbox 1889 2937 1947 2960; x_wconf 80' lang='lat' dir='ltr'><strong>Mi-</strong></span> 
     </span>
     <span class='ocr_line' id='line_1_109' title="bbox 1054 2978 1947 3007; baseline 0 -5"><span class='ocrx_word' id='word_1_706' title='bbox 1054 2986 1145 3003; x_wconf 84' lang='lat' dir='ltr'><strong>nnrum</strong></span> <span class='ocrx_word' id='word_1_707' title='bbox 1170 2987 1216 3003; x_wconf 83' lang='lat' dir='ltr'><strong>seu</strong></span> <span class='ocrx_word' id='word_1_708' title='bbox 1241 2979 1321 3002; x_wconf 71' lang='lat' dir='ltr'><strong>trium</strong></span> <span class='ocrx_word' id='word_1_709' title='bbox 1347 2978 1467 3002; x_wconf 82' lang='lat' dir='ltr'><strong>ordinum</strong></span> <span class='ocrx_word' id='word_1_710' title='bbox 1494 2987 1510 3001; x_wconf 80' lang='lat' dir='ltr'><strong>a</strong></span> <span class='ocrx_word' id='word_1_711' title='bbox 1538 2979 1566 3002; x_wconf 76' lang='lat' dir='ltr'><strong>S.</strong></span> <span class='ocrx_word' id='word_1_712' title='bbox 1588 2978 1731 3003; x_wconf 83' lang='lat' dir='ltr'><strong>Francisco</strong></span> <span class='ocrx_word' id='word_1_713' title='bbox 1756 2979 1947 3007; x_wconf 69' lang='lat' dir='ltr'><strong>institutorum,</strong></span> 
     </span>
     <span class='ocr_line' id='line_1_110' title="bbox 1055 3019 1630 3053; baseline -0.002 -8"><span class='ocrx_word' id='word_1_714' title='bbox 1055 3021 1075 3053; x_wconf 80' lang='grc' dir='ltr'><strong>Ι,</strong></span> <span class='ocrx_word' id='word_1_715' title='bbox 1097 3019 1266 3050; x_wconf 68' lang='lat' dir='ltr'><strong>Quaracchi,</strong></span> <span class='ocrx_word' id='word_1_716' title='bbox 1290 3026 1364 3052; x_wconf 81' lang='lat'>1531,</span> <span class='ocrx_word' id='word_1_717' title='bbox 1387 3029 1413 3053; x_wconf 84' lang='lat' dir='ltr'><strong>p.</strong></span> <span class='ocrx_word' id='word_1_718' title='bbox 1432 3020 1496 3053; x_wconf 61' lang='lat'><strong>33&amp;</strong></span> <span class='ocrx_word' id='word_1_719' title='bbox 1516 3019 1550 3049; x_wconf 83' lang='grc' dir='ltr'><strong>ΙΙ,</strong></span> <span class='ocrx_word' id='word_1_720' title='bbox 1573 3026 1630 3053; x_wconf 85' lang='lat'><em>¹²4-</em></span> 
     </span>
    </p>
   </div>
   <div class='ocr_carea' id='block_1_21' title="bbox 1974 1009 2184 1089">
    <p class='ocr_par' dir='ltr' id='par_1_30' title="bbox 1974 1009 2184 1089">
     <span class='ocr_line' id='line_1_111' title="bbox 1974 1009 2184 1029; baseline -0.005 0"><span class='ocrx_word' id='word_1_721' title='bbox 1974 1009 2028 1029; x_wconf 78' lang='lat' dir='ltr'><strong>Rex</strong></span> <span class='ocrx_word' id='word_1_722' title='bbox 2045 1010 2068 1029; x_wconf 85' lang='lat' dir='ltr'><em>F</em></span> <span class='ocrx_word' id='word_1_723' title='bbox 2073 1017 2085 1029; x_wconf 80' lang='lat' dir='ltr'><strong>r</strong></span> <span class='ocrx_word' id='word_1_724' title='bbox 2092 1015 2106 1029; x_wconf 84' lang='lat' dir='ltr'><strong>a</strong></span> <span class='ocrx_word' id='word_1_725' title='bbox 2114 1015 2128 1028; x_wconf 75' lang='lat' dir='ltr'><em>n</em></span> <span class='ocrx_word' id='word_1_726' title='bbox 2136 1015 2148 1028; x_wconf 79' lang='lat' dir='ltr'><strong>c</strong></span> <span class='ocrx_word' id='word_1_727' title='bbox 2157 1009 2184 1028; x_wconf 73' lang='lat' dir='ltr'><strong>ie</strong></span> 
     </span>
     <span class='ocr_line' id='line_1_112' title="bbox 1999 1036 2183 1057; baseline -0.005 0"><span class='ocrx_word' id='word_1_728' title='bbox 1999 1038 2080 1057; x_wconf 72' lang='lat' dir='ltr'><strong>‹ontra</strong></span> <span class='ocrx_word' id='word_1_729' title='bbox 2097 1037 2116 1056; x_wconf 83' lang='lat' dir='ltr'><em>A</em></span> <span class='ocrx_word' id='word_1_730' title='bbox 2126 1036 2152 1056; x_wconf 74' lang='lat' dir='ltr'><strong>lb</strong></span> <span class='ocrx_word' id='word_1_731' title='bbox 2162 1037 2183 1056; x_wconf 79' lang='lat' dir='ltr'><strong>i-</strong></span> 
     </span>
     <span class='ocr_line' id='line_1_113' title="bbox 1998 1063 2165 1089; baseline -0.006 -5"><span class='ocrx_word' id='word_1_732' title='bbox 1998 1070 2080 1089; x_wconf 70' lang='lat' dir='ltr'><strong>gznses</strong></span> <span class='ocrx_word' id='word_1_733' title='bbox 2093 1063 2165 1084; x_wconf 67' lang='lat' dir='ltr'><strong>vadit.</strong></span> 
     </span>
    </p>
   </div>
   <div class='ocr_carea' id='block_1_22' title="bbox 1976 2435 2007 2460">
    <p class='ocr_par' dir='ltr' id='par_1_31' title="bbox 1976 2435 2007 2460">
     <span class='ocr_line' id='line_1_114' title="bbox 1976 2435 2007 2460; baseline 0 0"><span class='ocrx_word' id='word_1_734' title='bbox 1976 2435 2007 2460; x_wconf 85' lang='lat'><strong>25</strong></span> 
     </span>
    </p>
   </div>
   <div class='ocr_carea' id='block_1_23' title="bbox 1974 2643 2009 2668">
    <p class='ocr_par' dir='ltr' id='par_1_32' title="bbox 1974 2643 2009 2668">
     <span class='ocr_line' id='line_1_115' title="bbox 1974 2643 2009 2668; baseline 0 -8"><span class='ocrx_word' id='word_1_735' title='bbox 1974 2643 2009 2668; x_wconf 77' lang='lat'><strong>30</strong></span> 
     </span>
    </p>
   </div>
   <div class='ocr_carea' id='block_1_24' title="bbox 1975 2855 2007 2881">
    <p class='ocr_par' dir='ltr' id='par_1_33' title="bbox 1975 2855 2007 2881">
     <span class='ocr_line' id='line_1_116' title="bbox 1975 2855 2007 2881; baseline 0 0"><span class='ocrx_word' id='word_1_736' title='bbox 1975 2855 2007 2881; x_wconf 84' lang='lat'><strong>35</strong></span> 
     </span>
    </p>
   </div>
  </div>
 </body>
</html>
