2320 3444
158 234 232 257 Μυκ.,
247 239 266 254 c.
284 238 334 258 1050
381 220 455 257 216

316 2081 347 2098 10

315 2292 344 2317 ¹5

314 2502 347 2519 20

315 2714 345 2738 25

316 2921 350 2945 30

836 216 1109 254 RYCCARDI
1138 217 1208 252 DE
1236 216 1448 252 SANcTo
1478 215 1749 251 GERMANO
1912 219 1994 254 [ΛΑ.
2017 217 2212 256 1242-12481
2247 190 2250 224 Ῑ

376 355 503 387 duntur
525 352 685 394 Philippo
709 351 753 383 de
778 349 907 382 Sancto
930 348 1062 391 Magno
1076 347 1085 365 ¹
1111 354 1192 380 tunc
1216 347 1420 398 castellano,
1436 345 1572 379 duobus
1587 346 1810 389 postmodum
1827 345 2017 379 baronibus
2030 347 2077 380 ad
2094 357 2214 380 eorum
2248 363 2252 387 ς

377 406 565 439 custodiam
589 405 632 436 de
660 404 772 436 utatis.

463 459 542 501 Ipso
566 415 681 489 menpse
704 456 850 499 Augusti
867 456 1057 498 Imperator
1073 460 1153 487 ante
1170 464 1345 486 recessum
1360 452 1405 485 ab
1421 453 1603 486 obsidione
1619 452 1727 485 Urbis
1739 451 1752 469 ²
1767 457 1913 486 statuam
1930 452 2080 486 hominis
2095 463 2211 486 ereans
2249 467 2251 472 ¹

375 519 409 545 et
431 522 572 543 uaccam
590 520 702 542 eream
719 509 887 547 similiter,
904 519 971 551 que
987 507 1046 540 diu
1061 513 1227 540 steterant
1243 513 1325 549 aput
1340 513 1495 539 sanctam
1511 506 1659 538 Mariam
1675 505 1720 538 de
1736 505 1868 550 Crypta
1883 506 2016 539 ferrata
2029 512 2064 539 et
2086 517 2210 550 aquam
2245 537 2246 540 ,
2295 527 2297 551 ;,

374 576 437 607 per
458 575 518 596 sua
540 563 709 596 foramina
731 562 913 595 artificiose
937 560 1139 598 fundebant,
1154 560 1191 592 in
1207 560 1380 603 Regnum,
1396 564 1478 601 aput
1501 559 1698 597 Luceriam,
1713 557 1842 601 Apulie
1858 558 2045 598 ciuitatem,
2059 558 2118 592 ubi
2133 558 2212 593 Sar-
2245 576 2253 589 J
2295 557 2299 595 ’,

376 617 490 649 raceni
514 616 700 659 degebant,
723 616 853 657 portari
876 613 971 646 iubet
982 613 1005 646 ⁸.
2241 607 2256 610 ’

460 670 583 702 Mense
607 668 816 711 Septembris
837 678 956 700 comes
978 668 1170 700 Tolosanus
1193 672 1276 709 aput
1299 665 1450 698 Melfiam
1474 665 1511 697 in
1535 664 1664 707 Apulia
1686 665 1732 698 ad
1754 665 1999 707 Imperatorem
2022 667 2129 706 uenit,
2151 665 2212 710 qui
2246 687 2255 710 ·.

374 733 436 766 per
458 729 563 756 totam
587 723 743 766 hyemem
767 721 833 753 fuit
855 721 890 753 in
913 721 1039 764 Regno
1052 719 1075 752 ⁴.
1119 721 1197 753 Hoc
1220 730 1312 752 anno
1336 719 1511 751 Heuricus
1534 719 1579 751 de
1602 718 1723 751 Morra
1739 718 1910 762 Magister
1924 720 2100 763 quondam
2114 718 2211 752 iusti-
2248 726 2257 755 j

374 778 490 809 tiarius
513 777 547 808 in
572 775 700 818 Apulia
722 775 872 808 naturali
894 779 1005 807 morte
1030 774 1164 807 defecit
1177 773 1199 806 ⁵.

458 864 729 898 M⁰CC⁰XLIII⁰.
774 865 897 897 Mense
920 864 1072 896 Ianuarii
1094 863 1269 907 generalis
1293 862 1443 895 collecta
1466 873 1528 904 per
1550 867 1658 895 totum
1681 862 1845 907 Regnum
1867 863 2017 907 exigitur
2027 862 2052 896 ⁸.
2234 860 2255 903 1]

460 919 582 951 Mense
605 918 789 951 Februarii
813 917 940 950 milites
964 927 1081 950 omnes
1104 917 1163 960 qui
1186 917 1315 948 seruire
1338 921 1511 954 tenentur,
1536 915 1696 949 iubentur
1719 926 1763 948 ex
1786 922 1886 957 parte
1902 915 2039 950 Cesaris
2059 916 2094 949 in
2111 915 2211 961 equis
2248 921 2263 924 “

370 979 405 1004 et
427 973 530 1004 armis
553 971 642 1005 bene
665 971 791 1014 parari,
814 978 852 1003 ut
875 981 950 1003 esse
974 970 1123 1003 debeant
1145 971 1179 1001 in
1204 969 1373 1002 Kalendis
1396 968 1528 1011 Aprilis
1549 969 1662 1011 primo
1685 969 1811 1002 futuris
1833 970 1879 1002 ad
1901 969 2084 1002 seruitium*
2100 980 2209 1003 suum.
2256 991 2259 1002 .=

460 1024 582 1057 Mense
606 1024 733 1057 Martii.
2265 1021 2268 1022 ⁷

460 1077 582 1110 Mense
606 1077 739 1120 Aprilis
761 1078 951 1119 Imperator
974 1077 1017 1109 de
1044 1076 1172 1119 Apulia
1195 1083 1409 1119 congregato
1433 1075 1588 1108 exercitu
1609 1076 1706 1109 uenit
1734 1076 1770 1108 in
1799 1075 1945 1109 Terram
1975 1075 2134 1116 Laboris,
2163 1076 2210 1111 ad
2255 1073 2258 1075 ’

372 1141 474 1175 quem
498 1132 696 1164 summoniti
718 1131 843 1163 milites
866 1131 901 1162 in
925 1131 1022 1173 equis
1045 1136 1079 1162 et
1102 1130 1205 1162 armis
1228 1140 1349 1162 omnes
1373 1130 1596 1168 conueniunt,
1613 1140 1679 1162 nec
1694 1139 1765 1163 non
1781 1134 1816 1162 et
1831 1135 1946 1163 certus
1961 1139 2123 1164 numerus
2137 1140 2208 1163 ser-
2235 1129 2264 1164 l
2301 1149 2303 1158 ‹

374 1185 540 1217 uientium
563 1185 607 1217 de
631 1184 784 1228 qualibet
806 1190 899 1217 terra
923 1184 966 1216 de
990 1183 1116 1227 Regno
1130 1183 1152 1215 ⁷.

461 1238 583 1270 Mense
607 1238 717 1270 Madii
740 1237 932 1280 Imperator
962 1237 1037 1279 ipse
1069 1237 1112 1269 de
1143 1237 1264 1279 Capua
1287 1246 1439 1274 mouens,
1464 1242 1499 1269 et
1521 1247 1586 1279 per
1607 1235 1771 1269 Sanctum
1796 1236 2006 1270 Germanum
2029 1235 2209 1270 transitum
2265 1269 2267 1271 .

372 1291 505 1323 habens
529 1298 563 1323 et
585 1301 650 1333 per
671 1290 846 1333 Aquinum
863 1296 946 1332 aput
962 1290 1150 1333 Flagellam
1174 1301 1210 1322 se
1228 1290 1392 1326 contulit3
1415 1289 1475 1322 ubi
1498 1289 1636 1322 faciens
1658 1289 1863 1333 aliquandiu
1884 1299 2027 1329 moram,
2049 1290 2132 1324 inde
2146 1300 2212 1333 per
2257 1295 2271 1333 '.

375 1342 596 1386 Campaniam
623 1344 716 1376 facto
739 1349 845 1386 ponte
869 1354 975 1385 super
1004 1343 1130 1375 flumen
1162 1342 1335 1385 Ceperani
1367 1342 1547 1375 transitum
1573 1342 1706 1376 habens
1736 1353 1841 1386 super
1867 1342 1996 1376 Urbem
2019 1341 2129 1382 uadit,
2149 1342 2210 1376 ubi
2254 1351 2267 1387 j

373 1403 484 1429 turres
505 1397 687 1429 nonnullas
710 1396 869 1429 funditus
891 1396 978 1428 fecit
1008 1397 1129 1435 euerti,
1159 1397 1293 1429 faciens
1323 1396 1358 1428 in
1388 1396 1466 1428 aliis
1496 1396 1598 1429 etiam
1629 1407 1732 1440 quam
1763 1396 1880 1440 potuit
1908 1394 2143 1435 uastitatem⁸3
2173 1401 2210 1429 et
2242 1406 2265 1422 Η

373 1456 455 1482 tunc
479 1449 524 1482 ad
546 1460 668 1492 preces
690 1450 917 1482 cardinalium
941 1449 985 1481 ab
1009 1449 1105 1483 Urbe
1129 1450 1326 1487 discedens,
1350 1455 1403 1482 est
1425 1459 1583 1482 reuersus
1606 1449 1640 1482 in
1663 1450 1839 1494 Regnum.

464 1503 549 1536 Item
572 1513 688 1535 mense
711 1501 822 1535 Madii
845 1503 1069 1535 Prenestinus
1093 1504 1277 1546 episcopus
1305 1503 1521 1545 Imperatore
1544 1503 1732 1536 mandante
1763 1502 1928 1536 liberatus
1959 1502 2032 1546 εις*
2062 1508 2098 1536 et
2125 1507 2211 1547 aput

372 1557 568 1600 Anagniam
590 1557 635 1589 ad
659 1556 858 1589 cardinales
881 1567 958 1589 cum
982 1557 1115 1589 honore
1138 1557 1301 1589 remissus
1313 1556 1335 1590 ⁹.

460 1668 483 1692 4.
503 1662 577 1693 apud
597 1660 681 1691 Uen..
700 1662 762 1686 Dm.
780 1661 833 1691 Rs,
852 1662 957 1691 Psarz,
978 1650 1072 1687 Gan».
1091 1675 1124 1679 -
1144 1669 1169 1694 5.
1189 1662 1262 1694 apud
1283 1662 1432 1686 Luceriam
1452 1662 1530 1686 iubet
1549 1661 1646 1687 GAun.
1666 1675 1700 1679 —
1722 1668 1762 1688 12.
1780 1661 1823 1687 ire
1841 1662 1962 1687 debeant
1978 1660 2064 1692 Usu„
2083 1662 2147 1690 Dm.
2163 1659 2208 1686 R.

373 1716 406 1721 —-
429 1711 467 1735 ¹3·
486 1703 582 1728 Mense
600 1703 698 1728 Martii
719 1712 811 1728 manca
831 1704 917 1734 Uen„
936 1705 998 1729 Dm.
1016 1703 1060 1728 Rs
1079 1718 1110 1722 —
1134 1704 1222 1736 15-16.
1242 1705 1428 1729 servientium
1447 1713 1541 1729 manca
1561 1717 1593 1722 -—
1616 1709 1656 1736 17.
1676 1705 1831 1737 imperator
1848 1704 1911 1738 lpse
1929 1711 2023 1729 manca
2041 1702 2127 1733 Uen..
2145 1703 2209 1728 Du.
2263 1738 2271 1742 η
2305 1733 2308 1744 1

1015 1747 1090 1779 apud
1109 1747 1194 1776 Uen..
1213 1747 1276 1771 Dm⁴
1295 1747 1339 1771 Ra

370 1745 414 1769 RE
434 1759 465 1763 —
485 1752 527 1771 22.
546 1746 610 1778 Ipso
630 1753 723 1771 mense
741 1746 996 1771 Prenestlnus....

460 1820 467 1836 ¹
486 1821 525 1846 Su
543 1821 660 1855 Filippo
681 1822 709 1846 di
729 1822 756 1847 S.
775 1822 883 1855 Magno
903 1823 940 1847 cf.
961 1822 1258 1848 Housman-Baalim-

372 1869 430 1892 υπς’,
449 1863 483 1893 V,
501 1871 529 1897 p.
547 1863 608 1896 617.

458 1904 469 1921 ²
488 1906 621 1931 Federlco
641 1914 690 1939 per
709 1908 787 1938 quasi
808 1908 884 1932 tutta
904 1907 931 1932 la
951 1908 1041 1939 prima
1061 1905 1135 1932 meta
1147 1907 1176 1931 di
1191 1914 1260 1939 ago-

373 1949 417 1971 sto
431 1949 454 1971 si
471 1947 559 1972 sermo
572 1956 588 1972 a
601 1948 657 1973 San
671 1947 814 1973 Germano
829 1949 947 1973 insieme
960 1949 1005 1973 col
1019 1949 1131 1981 nipote,
1146 1949 1166 1973 il
1179 1948 1260 1981 figHo

373 1989 417 2014 del
437 1997 466 2014 re
489 1991 518 2014 di
544 1990 695 2023 Castlglia,
721 1991 839 2016 Simone
864 1994 948 2016 conte
972 1992 1002 2016 di
1029 1991 1136 2023 Chieti,
1165 1992 1262 2016 “sacri

375 2032 510 2064 “imperii
531 2033 565 2056 ab
585 2033 697 2058 Amelia
717 2041 803 2065 usque
822 2040 871 2067 per
889 2035 979 2058 totam
992 2034 1140 2059 Maritima
1152 2052 1176 2066 n·
1189 2034 1261 2058 Pan-

373 2074 454 2098 dolfo
468 2073 625 2105 Fasanella,
637 2074 761 2100 Roberto
774 2076 804 2100 di
818 2074 1008 2108 castiglione,
1022 2076 1128 2100 Enrico
1142 2077 1172 2100 di
1186 2076 1261 2100 Mor-

373 2123 402 2139 ra
422 2114 501 2139 Gran
519 2116 691 2147 giustiziere,
709 2115 774 2141 Pier
793 2117 869 2141 della
888 2117 993 2149 Vigna,
1006 2117 1123 2142 Taddeo
1137 2118 1167 2142 di
1180 2116 1261 2142 sessa

372 2157 486 2189 giudice
505 2158 579 2181 della
599 2159 700 2190 Magna
720 2158 811 2191 Regia
836 2158 932 2188 Curia,
957 2159 990 2183 ed
1018 2160 1100 2184 altri:
1121 2159 1261 2184 WleeL-

374 2205 469 2228 MANN,
488 2199 508 2228 Ι,
528 2208 573 2232 pp.
593 2205 642 2232 3²²
663 2208 677 2224 e
695 2207 759 2233 3²4³
781 2201 915 2233 Bonnam,
934 2209 981 2226 nn.
1002 2209 1071 2234 3314
1090 2211 1104 2226 e
1125 2201 1202 2235 3316.

459 2240 470 2257 ³
495 2242 582 2267 Forse
606 2244 751 2268 enti-ambe
776 2244 802 2268 le
828 2251 914 2276 opere
938 2245 1027 2270 d’srte
1052 2247 1199 2278 asportate
1224 2245 1261 2269 da

373 2282 585 2309 Grottaferrata
610 2287 759 2310 servirono
786 2293 836 2318 per
862 2287 882 2310 il
909 2287 1060 2319 magnifico
1085 2287 1205 2312 castello
1230 2288 1259 2312 di

375 2325 494 2350 Lucera:
513 2327 541 2350 di
561 2335 619 2351 esse
640 2335 698 2352 non
717 2328 754 2353 ho
773 2329 875 2353 alcuna
895 2330 1015 2354 notizia.

460 2366 471 2382 ⁴
492 2368 652 2393 Raimondo
666 2369 716 2394 VH
729 2372 813 2394 conte
826 2370 855 2395 di
870 2371 985 2400 Tolosa,
1000 2372 1070 2396 duca
1084 2373 1112 2396 di
1127 2372 1260 2397 Narbon-

374 2416 407 2432 ne
426 2417 440 2433 e
458 2411 542 2434 conte
553 2410 582 2435 di
600 2410 751 2440 Provenza,
766 2412 796 2435 fu
811 2411 853 2436 fra
866 2413 909 2445 gli
922 2413 1100 2438 ammiratori
1115 2414 1148 2438 ed
1164 2414 1258 2438 intimi

373 2451 401 2475 di
422 2452 556 2476 Federleo
574 2452 610 2478 ΙΙ.
646 2453 670 2477 11
689 2453 850 2478 Sirventese
870 2455 899 2478 di
926 2455 1091 2487 Gugllelmo
1116 2456 1260 2488 Figuerla,

374 2497 522 2527 assegnato
547 2495 575 2519 al
603 2502 678 2528 1240,
703 2496 757 2520 fine
783 2498 810 2521 di
841 2505 933 2522 marzo
959 2499 1106 2531 principio
1131 2498 1260 2532 d’aprile.

372 2538 521 2562 autorizza
540 2545 556 2562 a
574 2538 685 2563 credere
704 2539 753 2563 che
774 2541 803 2563 in
826 2542 926 2572 questo
951 2543 1047 2573 tempo
1073 2541 1094 2565 11
1121 2543 1205 2566 conte
1230 2541 1259 2566 di

373 2579 479 2604 Tolosa
500 2581 573 2605 fosse
594 2582 623 2605 in
636 2581 739 2614 Puglia
752 2589 847 2614 presso
861 2583 1062 2615 l’imperatore,
1074 2586 1184 2608 mentre
1197 2591 1260 2616 que-

374 2623 411 2646 sti
432 2622 591 2651 attendeva.
610 2624 780 2655 aspettando
801 2624 822 2648 ll
842 2633 989 2658 convegno
1009 2626 1037 2650 di
1058 2625 1178 2658 Foggia,
1203 2627 1261 2651 alla

374 2665 555 2689 costruzione
573 2665 603 2689 dl
622 2665 719 2691 Castel
736 2666 780 2690 del
801 2667 912 2696 Monte;
933 2667 969 2692 cf.
996 2669 1028 2692 V.
1054 2668 1098 2692 Da
1124 2669 1260 2693 Banu-no-

374 2711 510 2737 LOMAEIS,
531 2708 623 2732 Poesie
644 2709 807 2739 provenzali
830 2710 952 2739 storiche,
978 2711 1036 2738 cit..
1058 2710 1092 2739 11,
1118 2718 1144 2743 p.
1173 2717 1221 2743 147
1247 2719 1261 2735 e

375 2755 424 2780 ag„
443 2756 469 2773 v.
488 2748 531 2773 60.
567 2749 608 2774 Fu
628 2752 824 2776 scomunicato
844 2759 858 2776 e
878 2752 937 2784 agli
959 2759 987 2776 11
1015 2753 1044 2776 dl
1070 2759 1167 2777 marzo
1193 2759 1256 2784 1²4¹

375 2791 405 2814 fu
425 2793 561 2817 costretto
582 2800 596 2816 a
614 2793 728 2825 giurare
747 2801 762 2818 a
781 2793 932 2823 Giacomo.
958 2801 1081 2819 vescovo
1107 2795 1262 2820 Cardlnale

375 2833 404 2857 di
423 2832 580 2858 Palestrlna
599 2841 613 2858 e
632 2835 726 2867 legato
745 2837 903 2868 pontificio,
925 2837 952 2862 di
973 2838 1106 2862 obhedire
1131 2838 1191 2870 agli
1216 2846 1261 2862 or-

377 2875 437 2899 dlni
458 2874 502 2899 del
522 2883 594 2908 papa
612 2885 626 2900 e
646 2878 720 2902 della
733 2878 836 2903 Chiesa
851 2887 975 2910 romana,
991 2879 1005 2893 ⁰
1017 2880 1182 2911 specialiter
1194 2887 1260 2905 con-

378 2915 391 2928 “
402 2918 446 2940 tra
459 2916 642 2943 Fredericum.
701 2918 900 2952 imperatorem
913 2923 940 2946 et
954 2929 1125 2946 successores
1138 2922 1198 2947 eius
1211 2924 1258 2954 qui

379 2956 432 2980 “in
452 2958 554 2982 vitium
574 2961 751 2985 succederent
770 2963 798 2986 et
817 2962 942 2987 fautores
967 2964 995 2987 et
1020 2962 1156 2987 valitores
1183 2964 1259 2995 Ipso-

379 2997 391 3009 “
404 3006 462 3022 rum
476 3008 502 3031 „;
522 3000 863 3032 HUILLARn-BRI'CHOLLES,
883 3004 916 3034 V,
942 3011 988 3037 pp.
1018 3011 1122 3028 1101-2.
1159 3004 1259 3029 Torno

1316 1824 1345 1847 in
1364 1822 1450 1847 Italia
1471 1830 1485 1847 e
1506 1823 1534 1847 fu
1554 1830 1652 1856 presso
1671 1822 1865 1856 l'lmperatore
1883 1830 1957 1856 poco
1977 1823 2053 1856 dopo
2070 1822 2100 1848 11
2118 1823 2211 1848 morte

1315 1865 1345 1890 dl
1365 1864 1509 1897 Gregorio
1528 1865 1576 1890 IX.
1613 1865 1635 1890 E
1654 1867 1684 1890 vi
1706 1866 1809 1890 rimase
1828 1873 1843 1890 a
1867 1865 1955 1898 lungo
1975 1871 2057 1890 come
2075 1865 2210 1890 vedremo
2258 1888 2274 1894 ,

1315 1905 1365 1940 piis
1384 1908 1484 1932 avanti
1504 1907 1602 1933 all’an.
1624 1914 1699 1940 1243,
1721 1916 1768 1941 pp.
1787 1907 1838 1933 218
1856 1915 1871 1932 e
1890 1914 1951 1941 219.

1405 1948 1415 1965 ⁵
1436 1950 1576 1975 L’ultimo
1596 1951 1768 1975 documento
1788 1951 1818 1975 ln
1837 1951 1882 1975 cul
1903 1950 1962 1983 egli
1986 1949 2002 1975 ὲ
2025 1950 2171 1975 rIcordato
2195 1948 2211 1974 ἕ

1316 1993 1489 2026 ddl’agosto
1513 1999 1578 2025 ¹24²
1599 1994 1629 2017 in
1649 1993 1704 2018 San
1726 1992 1884 2023 Germanm
1903 1994 1940 2018 cf.
1960 2000 1988 2019 n.
2007 1998 2034 2019 2.

1403 2032 1414 2049 ⁶
1432 2033 1599 2067 Ignoriamo
1619 2036 1728 2066 quanto
1748 2035 1832 2059 abbia
1845 2042 1910 2059 reso
1923 2029 1952 2059 Ia
1965 2040 2063 2059 nuova
2074 2033 2209 2062 eollettn

1316 2077 1361 2101 nel
1383 2077 1508 2102 sebbraio
1528 2076 1596 2109 pero
1616 2078 1644 2102 di
1665 2077 1832 2109 quest’anno
1851 2077 2045 2110 l'lmperatore
2068 2076 2210 2102 ordinavit

1314 2119 1342 2143 ai
1362 2120 1505 2144 razionall
1524 2119 1680 2145 'sommaso
1700 2119 1728 2143 di
1750 2119 1878 2144 Brindisi
1897 2127 1912 2144 e
1929 2120 2052 2144 maestro
2064 2118 2210 2151 Procopio
2259 2132 2276 2141 ι.

1315 2161 1482 2194 d'indagare
1512 2160 1621 2194 “super
1648 2162 1770 2186 collecta
1798 2163 1921 2195 pecunia
1945 2160 2111 2186 officialium
2134 2162 2210 2186 terre

1316 2203 1330 2216 ⁴‘
1342 2204 1407 2229 Bari
1428 2206 1456 2228 et
1474 2206 1549 2229 terre
1567 2204 1738 2236 Ydront1„;
1757 2205 1894 2236 Excerpta
1919 2204 2039 2235 Massia,
2064 2211 2092 2228 n.
2117 2209 2152 2237 95
2177 2203 2209 2229 in

1315 2246 1543 2276 meELMAuN,
1562 2246 1583 2277 Ι,
1603 2255 1630 2280 p.
1650 2247 1715 2277 718;
1735 2246 1873 2278 Boanum,
1893 2253 1921 2271 n.
1939 2253 2018 2279 3354.

1403 2287 1414 2304 ⁷
1433 2279 1454 2313 1⁴}
1474 2297 1489 2314 a
1510 2289 1622 2314 credere
1641 2289 1692 2313 che
1712 2289 1859 2314 l'adunata
1879 2289 1962 2314 abbia
1981 2290 2069 2314 avuto
2087 2287 2179 2321 luogo
2193 2295 2210 2313 ι

1316 2330 1413 2364 Capua
1433 2331 1506 2356 dove
1524 2331 1718 2364 l'imperstore
1737 2333 1760 2356 si
1782 2330 1871 2356 sermo
1889 2331 1926 2356 fin
1946 2330 2024 2364 dopo
2042 2330 2066 2355 11
2087 2336 2119 2363 17
2132 2337 2209 2363 apra
2260 2329 2285 2354 -ἱ

1315 2373 1660 2405 Ηυιιιᾼκο-Βιιὲῃοιιεε,
1679 2373 1726 2405 VI,
1745 2381 1792 2407 pp.
1811 2373 1854 2403 82,
1873 2373 1916 2406 83,
1937 2372 1984 2403 863
2003 2373 2140 2402 Βδιῑιιιι,
2159 2379 2209 2397 nn.

1314 2421 1426 2449 3357-9·
1758 2437 1762 2441 ·

1402 2458 1414 2476 ὅ
1432 2459 1552 2484 Annales
1571 2458 1735 2488 Placentini,
1754 2458 1811 2490 cit„
1833 2458 1868 2482 ad
1882 2465 1922 2483 a.:
1938 2457 2067 2482 “Eodem
2079 2457 2209 2489 tempore

1316 2499 1498 2533 “imperator
1517 2503 1578 2526 erat
1597 2502 1628 2525 ln
1648 2501 1780 2534 partibus
1799 2501 1890 2526 Rome
1908 2507 1971 2525 cum
1990 2500 2118 2524 maximo
2130 2504 2208 2524 exer·

1317 2541 1330 2554 “
1342 2543 1402 2567 citu
1421 2544 1511 2568 terras
1529 2542 1725 2568 Romanorum
1745 2542 1933 2571 devastandm
1947 2541 2068 2566 habebat
2080 2541 2157 2566 enlm
2177 2541 2208 2567 lu

1318 2584 1331 2597 ‘⁴
1342 2592 1392 2609 suo
1406 2586 1533 2610 exercitu
1547 2593 1645 2611 omnes
1658 2585 1767 2610 milltes
1778 2585 1881 2610 Tuscle
1893 2591 1910 2609 a
1921 2584 2010 2608 fluvio
2023 2583 2098 2608 Arni
2111 2589 2208 2609 versut

1317 2625 1330 2639 ‘⁴
1342 2627 1460 2651 Romam
1480 2629 1507 2652 et
1527 2628 1635 2652 milites
1655 2627 1852 2652 Theutonlcos
1870 2625 1978 2660 Apulle
1990 2624 2163 2651 Lombardie
2178 2626 2207 2650 et

1315 2669 1460 2694 “aliarum
1481 2670 1606 2703 partium
1626 2670 1676 2702 qui
1696 2670 1812 2695 fuerunt
1835 2675 1920 2694 10000
1939 2668 2082 2700 milites·„.
2118 2667 2208 2694 Come

1315 2711 1358 2742 gil
1377 2711 1497 2736 Annales
1517 2712 1675 2737 Placentini
1697 2718 1851 2744 esagerano
1871 2711 1891 2735 11
1911 2717 2030 2735 numero
2050 2710 2096 2735 del
2117 2709 2207 2735 militi

1315 2753 1364 2777 che
1384 2754 1542 2786 seguivano
1562 2754 1703 2783 Federico,
1722 2753 1782 2778 cosi
1802 2759 1917 2785 esagera
1931 2752 2096 2777 Min-rrimus
2107 2750 2207 2782 PARu,

1316 2796 1373 2824 cit.y
1393 2803 1420 2828 p.
1435 2801 1494 2828 599,
1508 2797 1623 2828 quando
1636 2796 1700 2821 dice
1712 2797 1763 2820 che
1777 2796 1803 2820 le
1816 2795 1909 2820 chiese
1923 2793 2066 2819 d'Albano
2079 2801 2206 2820 ammon-

1314 2839 1420 2862 tassero
1441 2846 1455 2862 a
1477 2844 1534 2870 150.
1572 2838 1621 2863 Gli
1641 2839 1760 2863 Annales
1780 2838 1808 2863 S.
1833 2837 2009 2862 Pantaleom‘s
2036 2836 2206 2862 Coloniensis.

1315 2880 1343 2903 in
1366 2881 1406 2904 M.
1432 2881 1461 2904 G.
1483 2882 1519 2906 H.
1540 2882 1599 2910 SS..
1618 2880 1706 2910 XXII.
1725 2888 1751 2914 p.
1779 2879 1838 2912 538,
1865 2880 1971 2904 dxcono
1996 2880 2045 2904 che
2070 2879 2228 2904 rederico·
2282 2862 2286 2865 Χ

1316 2920 1516 2954 “expugnavit
1535 2922 1682 2948 Romanos
1701 2929 1789 2954 usque
1809 2922 1844 2947 ad
1864 2924 1962 2954 portas
1981 2922 2067 2947 Urbis
2078 2938 2103 2952 „.

1403 2963 1414 2979 ⁹
1432 2965 1552 2990 Annales
1571 2965 1734 2996 Placentini,
1751 2964 1807 2989 loc.
1826 2964 1889 2989 csta
1912 2964 1990 2988 “Dle
2003 2970 2097 2988 mense
2115 2962 2206 2987 madii
2232 2962 2268 2988 60
2290 2961 2315 2998 j

1316 3006 1495 3038 “imperator
1515 3008 1657 3032 relaxavit
1675 3006 1833 3031 cardinales
1853 3008 1881 3031 et
1898 3007 2050 3040 episcopos
2068 3007 2096 3029 et
2114 3004 2205 3038 prela-
