2320 3444
41 2448 101 2492 iro

6 2675 13 2691 ,“
38 2666 39 2670 ¹
69 2681 99 2708 ις

4 2878 15 2929 ζῇ
66 2895 103 2915 *ιο

131 224 186 262 μ.
205 225 302 259 1228]

63 378 70 394 ·.
119 351 217 385 sein
238 350 405 385 Tusciam
434 351 492 384 uel
521 351 770 385 Lombardiam
800 352 963 384 conferre

54 406 65 434 ἃ,
118 414 184 448 per
197 409 306 438 totum
321 415 472 437 mensem
488 404 649 450 Augusti,
664 405 841 438 Perusium
857 405 966 443 uadit,

58 459 70 486 ’.
118 457 180 491 ubi
201 457 396 491 honorifice
417 459 502 491 satis
530 463 692 501 receptus
723 465 784 491 est.
828 458 966 491 Interea

71 508 75 511 ’
119 511 317 544 mandatum
341 517 394 544 est
409 511 452 544 ab
467 511 542 555 ipso
558 511 711 544 Henrico
728 512 772 544 de
786 511 905 544 Morra
919 511 965 544 si-

60 566 78 601 “,
119 564 191 598 cuti
206 564 266 607 qui
280 563 449 607 principis
460 570 605 598 nouerat
619 565 833 598 uoluntatem
849 571 886 598 ut
897 564 964 598 Ce-

66 634 69 636 ·
118 616 279 651 lunenses
301 628 380 650 cum
402 619 472 650 suis
495 617 792 661 suppellectilibus
815 623 966 650 exeunte

64 678 72 683 ”
119 671 164 705 de
187 670 375 703 domiciliis
395 681 459 713 per
479 672 654 704 clausuras
683 671 882 704 habitacula
903 681 966 703 sua

60 750 71 769 ·,
117 724 237 757 facere
262 723 440 757 deberent.
479 725 585 758 Cuius
599 726 764 757 mandato
780 734 860 756 mox
874 724 965 768 pari-

64 774 77 811 Ὶι,
117 782 190 811 tum
205 783 266 810 eflt·

51 830 59 845 ·’
117 832 191 866 sola
213 831 364 865 ecclesia
385 832 572 874 superstite
603 835 816 868 remanente,
840 836 874 863 et
896 840 964 873 que

61 908 65 913 ‚
117 885 284 920 Celanum
308 889 411 917 antea
440 883 630 917 uocabatur
661 889 790 916 mutato
814 883 964 924 nomine,

313 777 360 810 Et
373 784 456 811 tunc
480 778 649 811 Celanum
672 777 824 811 dirutum
846 782 964 815 totum,

117 938 267 973 Cesarea
284 944 336 971 est
350 937 571 980 postmodum
596 937 780 979 appellata.
826 937 965 969 Interea

117 991 224 1026 Serra
256 1001 363 1035 super
391 991 560 1024 Celanum
592 990 698 1023 muris
735 990 891 1023 firmatur
928 996 963 1022 et

117 1045 281 1083 turribus,
314 1050 349 1078 et
380 1043 632 1077 Celanensibus
666 1044 703 1076 in
737 1043 806 1076 suis
841 1049 964 1086 postea

40 1097 328 1133 emte'nimentis
343 1108 413 1130 non
428 1103 480 1130 est
496 1097 655 1130 habitare
672 1107 889 1136 concessum,
904 1098 964 1141 qui

118 1163 139 1186 a
153 1153 304 1196 propriis
325 1152 450 1185 finibus
473 1152 693 1185 discedentes
714 1152 751 1184 in
775 1151 860 1184 locis
889 1151 964 1183 aliis

116 1215 196 1239 suas
218 1206 371 1248 oportuit
392 1215 538 1248 querere
561 1205 766 1238 mansiones.

206 1259 284 1292 Hoc
305 1270 398 1293 anno
420 1270 482 1292 rex
506 1259 656 1292 Francie
679 1265 833 1292 mortuus
855 1264 908 1292 est
930 1264 965 1291 et

117 1313 207 1346 tilius
235 1313 402 1346 successit
431 1314 468 1347 in
498 1323 644 1357 regnum
659 1312 680 1345 ¹.
725 1313 878 1346 Castella
907 1313 965 1345 fir-

118 1373 256 1400 mantur
292 1367 327 1399 in
367 1367 504 1406 Gaieta‚
544 1366 705 1409 Neapoli,
751 1365 886 1399 Auersa
931 1371 966 1399 et

118 1419 230 1465 Fogia
251 1420 347 1453 iussu
368 1420 599 1463 Imperatoris.
647 1420 728 1462 Ipso
751 1419 852 1452 etiam
868 1430 964 1452 man-

118 1474 224 1508 dante
253 1472 378 1506 Semie
402 1474 515 1507 menia
541 1474 735 1512 diruuntur,
764 1473 862 1506 cuius
890 1474 965 1506 fere

118 1527 288 1561 medietas
325 1533 407 1560 tunc
443 1538 526 1560 casu
560 1528 744 1561 accidente
779 1532 964 1560 crematur.

118 1579 277 1614 Castrum
301 1580 519 1624 Carpenonis
542 1580 692 1613 diruitur
714 1586 748 1613 et
771 1580 839 1612 alia
862 1590 963 1622 quam

117 1636 218 1679 plura
241 1636 286 1668 de
309 1645 400 1667 nouo
423 1634 557 1667 firmata
580 1634 616 1666 in
641 1633 804 1666 comitatu
833 1633 965 1666 Molisii

120 1693 325 1722 euertuntur
335 1687 358 1721 ¹.
404 1688 598 1730 Imperator
627 1687 663 1720 in
693 1687 814 1720 Sicilia
845 1687 965 1720 Sarra-

120 1752 228 1776 cenos
250 1747 342 1775 artat
365 1748 399 1774 et
423 1741 569 1779 obsidet,
586 1751 730 1784 quorum
745 1747 879 1783 partem
895 1750 965 1773 non

119 1797 292 1830 modicam
328 1795 365 1828 in
399 1795 563 1838 Apuliam
598 1795 719 1834 mictit‚
753 1794 897 1837 reliquis
929 1795 965 1827 in

120 1850 293 1883 montanis
307 1848 538 1882 residentibus
553 1848 650 1891 illi[c]
663 1847 685 1881 ³.
702 1849 849 1891 Propter
861 1848 966 1891 quod,

209 2008 234 2035 7.
253 2001 441 2027 domiciciliis
462 2002 554 2026 facere
574 2002 638 2028 θοαί.
659 2014 690 2019 -
709 1999 734 2026 8.
754 2007 813 2026 non
826 2001 919 2026 invece
937 2001 968 2026 di

123 2055 191 2073 mox
210 2046 307 2073 Gnun.
326 2059 359 2066 --
377 2053 403 2079 9.
422 2048 483 2072 tum
503 2045 599 2072 Gsun.
619 2058 652 2064 —
673 2052 714 2070 12.
727 2046 911 2078 postmodum
924 2047 967 2070 est

122 2091 268 2126 appellata
286 2091 381 2117 GAun.
400 2105 433 2110 —
453 2097 495 2116 ιο.
509 2090 617 2124 Napoll
629 2090 726 2116 GAun.
738 2104 773 2109 —
787 2095 828 2122 ις.
842 2090 966 2123 plurima

123 2135 220 2163 Gmn.

212 2252 220 2270 ¹
240 2253 360 2288 Filippo
378 2252 397 2285 †
422 2261 453 2286 ¹4
479 2253 540 2283 vn.
563 2260 638 2285 1²²3-
674 2252 699 2277 11
720 2259 752 2285 ²5
772 2253 806 2283 X,
831 2252 944 2277 Onorio
969 2252 1018 2282 ΙΙΙ,

123 2303 178 2328 pur
195 2295 349 2321 dolendosi
367 2295 442 2320 della
462 2297 553 2320 morte
571 2295 601 2320 dl
621 2295 686 2327 quel
707 2303 735 2320 re
755 2294 859 2327 ch‘egu
878 2296 961 2320 tanto
975 2295 1018 2319 di·

123 2337 204 2368 lesse,
221 2339 246 2362 si
264 2336 435 2371 congratulo
455 2337 501 2362 col
520 2337 602 2371 figlio
621 2336 771 2362 Ludovico
797 2336 863 2362 VIII
887 2337 964 2362 della
989 2337 1017 2361 di

123 2380 167 2405 lul
179 2381 367 2410 successione,
380 2381 477 2405 sicuro
495 2380 546 2405 che
566 2380 686 2404 avrebbe
705 2381 873 2405 mantenuto
887 2380 915 2404 la
927 2379 1018 2405 tradi-

123 2424 207 2448 zione
225 2424 355 2456 paterna3
376 2422 412 2447 cs.
431 2422 626 2452 Rouana-10,
644 2421 666 2454 1,
686 2429 713 2454 p.
735 2421 782 2454 ¹⁶5
803 2429 818 2447 e
838 2429 878 2454 sg.

213 2463 225 2480 ²
242 2464 380 2490 L’ordlne
399 2465 428 2489 dl
448 2464 595 2490 abbnttere
614 2464 641 2488 le
661 2471 740 2489 mura
763 2464 794 2488 di
818 2464 928 2489 Isernla
953 2471 968 2488 e
994 2464 1020 2488 le

126 2507 310 2532 forticazlonl
324 2508 352 2532 di
368 2507 544 2540 Carpinone,
556 2513 572 2531 e
585 2506 614 2531 di
629 2506 702 2531 altre
715 2506 839 2531 sortezze
853 2506 898 2531 del
917 2506 1021 2531 Mollse

127 2550 157 2575 fu
175 2549 253 2578 dato,
272 2556 352 2574 come
365 2549 398 2574 R.
419 2549 481 2574 dice
496 2549 572 2573 nella
592 2551 622 2572 2⁸
633 2549 777 2578 edizione,
791 2556 806 2573 ι
825 2549 970 2582 Ruggiero
990 2548 1020 2573 di

125 2592 347 2622 Pescoianzano,
372 2591 542 2624 cappellano
569 2590 828 2623 deil’lmperatore:
855 2591 985 2623 delegato
1005 2598 1022 2616 a

127 2635 186 2660 fare
196 2635 323 2668 esegulre
333 2634 360 2659 le
371 2642 466 2660 nuove
479 2634 667 2659 costituzioni
681 2634 711 2658 di
722 2633 820 2667 Capua
830 2634 875 2659 sul
888 2634 1021 2659 demanio

126 2677 203 2702 dello
215 2677 306 2707 Stato,
320 2678 364 2702 sul
379 2677 457 2701 feudi
471 2685 485 2701 e
499 2676 571 2700 suile
585 2677 728 2708 questIoni
745 2676 851 2701 feudali
866 2676 900 2701 da
913 2676 1021 2709 Capua.

126 2718 290 2744 Benevento
309 2726 324 2744 e
343 2718 475 2744 Civitate
496 2720 521 2743 ai
542 2718 648 2743 confini
669 2718 714 2742 dei
741 2725 845 2750 regno;
863 2718 900 2743 cf.
920 2719 1022 2742 Elenco

124 2761 195 2786 dello
210 2764 376 2794 pergamena
392 2761 445 2793 gib
459 2760 652 2792 appartenenti
663 2761 723 2784 alla
735 2760 870 2793 famiglia
884 2761 969 2785 Fusco
989 2761 1024 2785 ed

125 2811 174 2828 ora
193 2804 342 2836 acquistate
360 2804 438 2829 dalla
453 2803 512 2828 Soc.
527 2803 628 2834 Napol.
641 2802 672 2826 di
684 2803 777 2827 Storia
791 2803 902 2834 Patria,
916 2803 947 2827 in
962 2803 986 2826 A
997 2811 1022 2827 r-

127 2846 254 2872 chlvio
272 2846 416 2871 Storico
435 2853 495 2878 per
519 2845 552 2870 le
571 2844 767 2870 Provincie
786 2845 1022 2878 anoletane‚

127 2887 244 2921 Napoli,
267 2887 344 2921 1889,
364 2888 422 2914 vol.
442 2887 518 2918 XIV,
538 2895 563 2920 p.
581 2892 712 2919 154-1553
727 2886 864 2917 Βόιικκιι,
878 2895 905 2912 n.
921 2887 1020 2918 12815;

127 2929 159 2956 Ε.
173 2930 316 2963 ΙΑΜιεοκ,
335 2934 376 2962 op.
396 2930 450 2961 eit„
470 2938 498 2963 p.
519 2935 561 2962 54,
581 2937 608 2954 n.
632 2936 653 2954 ι.
932 2942 935 2946 -

215 2971 227 2989 ⁸
237 2972 366 2998 L'arresa
378 2974 422 2998 del
436 2973 571 2998 Saraceni
585 2985 618 2990 —
629 2974 709 3005 parte
723 2972 851 2997 mandati
866 2973 896 2998 in
910 2971 1023 3006 Puglia,

129 3015 236 3041 Lucera
255 3017 396 3049 aggiunge
415 3015 443 3040 la
456 3015 579 3040 seconda
599 3015 742 3045 edizione,
755 3021 770 3039 e
783 3016 862 3047 parte
877 3014 951 3039 nelle
966 3015 1021 3038 for·

915 216 1194 256 CHRONICA

1031 831 1070 863 10

1031 1095 1068 1129 15

1028 1366 1068 1397 20

1029 1633 1069 1667 25

1123 357 1258 390 serunt;
1283 362 1350 385 nec
1375 352 1424 384 eis
1446 351 1603 384 habitare
1627 361 1830 384 concessum
1862 357 1914 384 est
1937 351 1973 383 in

1123 405 1265 443 eisdem,
1289 416 1396 449 quare
1418 406 1465 438 ad
1487 405 1567 438 loca
1581 405 1651 438 alia
1667 415 1727 438 eos
1744 405 1896 447 oportuit
1912 405 1973 437 de-

1124 458 1286 502 migrare.

1213 513 1291 545 Hoc
1315 523 1406 545 anno
1428 523 1491 545 rex
1521 513 1671 546 Francie
1702 513 1791 547 obiit
1820 518 1855 546 et
1885 513 1974 546 filius

1125 565 1198 597 eius
1221 572 1408 598 coronatur
1430 566 1467 598 in
1490 576 1619 610 regem.

1212 617 1335 651 Mense
1360 619 1478 651 Martii
1496 619 1533 650 in
1549 620 1639 652 festo
1662 620 1774 652 sancti
1791 619 1974 653 Benedicti

1124 672 1238 704 celum
1261 677 1372 704 totum
1394 672 1505 703 uisum
1530 678 1583 704 est
1605 673 1759 716 igneum,
1776 679 1811 705 et
1827 673 1916 716 pluit
1929 683 1973 706 eo

1125 724 1184 757 die
1208 730 1301 757 terra
1323 731 1359 757 et
1383 725 1480 758 cinis.

1212 779 1252 810 In
1277 778 1410 817 Gaieta,
1436 779 1608 823 Neapoly,
1637 779 1771 813 Aversa
1794 786 1828 812 et
1850 780 1971 823 Fogia,

1123 832 1216 864 iussu
1247 831 1394 871 Cesaris,
1429 833 1572 865 castella
1606 834 1795 867 firmantur.
1841 834 1973 872 Sernie,

1123 885 1237 917 menia
1261 885 1454 924 diruuntur,
1485 887 1583 918 cuius
1614 887 1764 919 ciuitatis
1795 888 1871 919 fere
1901 897 1972 920 me-

1123 938 1234 971 dietas
1256 938 1338 983 igne
1354 939 1578 978 comburitur,
1593 940 1775 972 castellum
1793 940 1972 983 Carpeno-

1123 992 1176 1024 nis
1199 998 1234 1024 et
1255 992 1323 1024 alia
1347 1003 1450 1035 quam
1473 993 1574 1035 plura
1596 994 1640 1026 de
1664 1004 1755 1026 nouo
1779 1000 1894 1026 castra
1916 995 1972 1026 fir-

1123 1051 1215 1078 mata
1237 1045 1274 1076 in
1298 1046 1464 1078 comitatu
1486 1045 1615 1079 Molisii
1638 1053 1673 1079 et
1702 1058 1765 1090 per
1797 1048 1876 1080 loca
1905 1047 1974 1080 alia

1122 1098 1313 1130 secundum
1336 1105 1463 1131 statuta
1486 1100 1679 1142 imperialia
1703 1101 1833 1133 dudum
1849 1101 1970 1143 Capue

1123 1151 1218 1184 edita
1254 1157 1468 1184 euertuntur.
1515 1153 1582 1186 Pro
1616 1153 1802 1196 implendis
1840 1153 1973 1186 statutis

1123 1204 1207 1247 ipsis
1233 1205 1372 1249 quidam
1408 1206 1605 1249 Roggerius
1629 1207 1673 1239 de
1698 1207 1971 1240 Pesclolanzano

1125 1265 1290 1292 executor
1312 1259 1356 1292 ab
1380 1259 1594 1302 Imperatore
1617 1260 1786 1303 dirigitur.

1212 1313 1407 1355 Imperator
1429 1313 1464 1345 in
1486 1312 1608 1346 Sicilia
1630 1312 1842 1346 Sarracenos
1864 1319 1975 1346 arctat

1124 1371 1157 1398 et
1179 1365 1327 1406 obsidet,
1358 1377 1505 1410 quorum
1536 1374 1670 1410 partem
1700 1378 1770 1399 non
1802 1367 1973 1399 modicam

1123 1418 1187 1452 sibi
1210 1419 1402 1453 subiectam
1425 1420 1471 1453 ad
1494 1426 1610 1462 partes
1631 1420 1736 1453 mittit
1750 1419 1878 1462 Apulie
1901 1430 1974 1452 mo-

1124 1479 1276 1505 raturam
1292 1479 1377 1516 aput
1391 1474 1588 1512 Lucerium,
1604 1474 1748 1517 reliquis
1764 1484 1800 1506 se
1823 1473 1860 1505 in
1877 1483 1974 1505 mon-

1123 1527 1213 1559 tanis
1234 1527 1430 1560 tenentibus
1447 1534 1569 1560 contra
1585 1538 1672 1560 eum.
1719 1528 1864 1569 Propter
1880 1526 1973 1569 quod

1124 1580 1340 1624 Roggerium
1357 1580 1400 1613 de
1416 1580 1557 1623 Aquila,
1573 1581 1743 1613 Thomam
1760 1581 1803 1612 de
1819 1580 1973 1619 Caseus,

1123 1634 1288 1668 Iacobum
1313 1635 1358 1667 de
1382 1634 1513 1667 Sancto
1538 1635 1718 1677 Severino‚
1734 1641 1768 1667 et
1790 1635 1896 1667 filium
1913 1644 1971 1667 co-

1124 1688 1216 1721 mitis
1231 1687 1493 1726 Tricaricensis,
1509 1688 1626 1730 Regni
1642 1689 1796 1726 comites,
1810 1693 1912 1720 uocat
1927 1688 1972 1719 ad

1124 1741 1301 1774 seruitium
1325 1752 1422 1774 suum
1446 1741 1481 1773 in
1498 1741 1630 1774 Sicilia.
1667 1740 1737 1779 Qui
1754 1741 1791 1773 in
1808 1741 1972 1773 comitatu

1125 1801 1160 1828 et
1181 1806 1287 1827 manu
1309 1794 1407 1828 breui
1430 1801 1552 1828 euntes
1581 1795 1627 1827 ad
1656 1795 1779 1838 ipsum,
1810 1794 1887 1836 capi
1912 1804 1972 1826 eos

1125 1854 1161 1882 et
1190 1849 1302 1882 teneri
1336 1848 1505 1891 precepit,
1541 1854 1576 1881 et
1611 1858 1729 1881 eorum
1763 1853 1874 1881 terras
1908 1857 1971 1889 per

1028 1903 1071 1935 30

1215 2006 1258 2026 22.
1277 1999 1426 2025 Luceriam
1446 2000 1521 2025 Uen.

1071 2254 1145 2277 tezze
1163 2253 1210 2278 dei.
1229 2253 1331 2285 luoghi
1351 2266 1383 2270 —
1397 2252 1453 2285 pub
1466 2252 1611 2277 stabilirsi
1628 2253 1670 2276 fra
1683 2252 1712 2276 la
1723 2252 1778 2276 fine
1791 2251 1837 2276 del
1853 2252 1967 2284 maggio

1072 2302 1087 2319 e
1107 2297 1115 2320 1
1134 2295 1222 2329 primi
1242 2296 1286 2320 dei
1300 2296 1417 2328 giugno.
1436 2295 1499 2320 Due
1517 2295 1618 2319 lettere
1638 2294 1666 2319 di
1688 2294 1823 2318 Federico
1842 2294 1876 2325 ΙΙ,
1892 2294 1969 2318 l'una

1073 2337 1108 2362 ad
1128 2337 1241 2362 OnorIo
1261 2336 1301 2362 111
1320 2345 1334 2362 e
1354 2338 1450 2362 l'altra
1472 2337 1498 2361 al
1514 2344 1635 2361 vescovo
1649 2337 1678 2360 di
1694 2336 1878 2364 Hildesheim,
1891 2335 1969 2359 chia-

1072 2379 1189 2403 riscono
1208 2380 1310 2412 questo
1329 2380 1431 2412 punto.
1468 2378 1492 2403 11
1513 2382 1526 2408 5
1546 2377 1595 2408 111,
1618 2383 1683 2410 ¹²²4
1703 2377 1738 2401 da
1758 2377 1883 2402 Catania
1908 2377 1968 2409 egli

1072 2422 1173 2446 diceva
1197 2421 1258 2450 che.
1277 2423 1385 2446 mentre
1405 2421 1654 2454 s’apparecchiava
1674 2427 1689 2444 a
1709 2420 1813 2444 recarsl
1837 2419 1867 2443 ln
1881 2419 1969 2443 Terra

1073 2465 1164 2492 santa,
1193 2462 1300 2488 “venit
1326 2463 1530 2488 mareschalcus
1558 2463 1656 2486 noster
1682 2460 1895 2491 Cathaniensis,
1919 2461 1967 2492 qui

1075 2504 1089 2518 “
1101 2506 1192 2531 fuerat
1212 2507 1242 2530 in
1262 2506 1479 2538 expugnatione
1497 2504 1718 2529 sarracenorum
1739 2502 1841 2527 Sicilie
1860 2502 1971 2526 consti-

1075 2547 1189 2579 “tutus,
1209 2548 1314 2573 ducens
1334 2555 1427 2572 secum
1453 2547 1548 2579 gaitos
1573 2548 1601 2570 et
1626 2547 1753 2570 seniores
1778 2546 1812 2569 de
1837 2545 1969 2569 omnibus

1077 2590 1321 2616 “Sarracenorum
1342 2590 1450 2618 Sicilie,
1470 2590 1591 2614 nuntios
1611 2596 1646 2612 ex
1665 2589 1745 2620 parte
1759 2587 1855 2612 omnia
1869 2587 1904 2611 ad
1920 2594 1969 2610 no·

1075 2633 1187 2658 “stram
1206 2633 1380 2666 presentiam
1400 2631 1562 2656 destinatos
1588 2637 1636 2663 per
1661 2637 1732 2662 quos
1758 2630 1843 2654 ceteri
1870 2636 1969 2652 omnes

1076 2674 1089 2688 “
1100 2677 1303 2708 exposuerunt,
1325 2683 1353 2699 se
1373 2675 1507 2699 mandata
1521 2675 1619 2698 nostra
1634 2674 1662 2697 et
1675 2672 1856 2704 beneplacita
1870 2672 1969 2695 nostra

1076 2718 1223 2750 “pronius
1243 2718 1420 2750 impleturos.
1440 2716 1530 2748 Super
1555 2723 1610 2747 quo
1636 2715 1734 2739 habita
1760 2714 1970 2738 deliberatione

1077 2760 1163 2784 “cum
1183 2760 1348 2792 proceribus
1369 2758 1456 2784 Curie
1477 2759 1583 2788 nostre,
1602 2758 1652 2789 qui
1679 2757 1791 2781 videtur
1818 2757 1967 2788 agendum,

1077 2801 1195 2827 “visum
1222 2804 1264 2827 est
1291 2802 1422 2826 omnibus
1447 2800 1610 2825 consultius
1635 2799 1780 2831 expedire.
1807 2798 1883 2830 quod
1911 2806 1968 2822 non

1077 2844 1264 2869 “deberemus
1295 2845 1324 2868 in
1353 2844 1406 2868 hoc
1432 2842 1557 2867 articulo
1582 2842 1754 2875 presentiam
1783 2842 1909 2865 nostram
1936 2841 1970 2864 de

1077 2886 1202 2911 “Sicilie
1222 2887 1351 2919 partibus
1372 2886 1527 2913 absentare,
1548 2892 1581 2908 ne
1596 2891 1648 2917 pro
1663 2886 1761 2908 nostra
1782 2877 1967 2907 absentia'vel

1076 2931 1089 2945 ‘¹
1099 2937 1208 2954 recessu
1219 2929 1350 2954 Saraceni
1365 2937 1378 2952 a
1393 2928 1548 2952 devotione
1559 2927 1707 2959 proposita
1721 2926 1865 2950 declinare
1867 2942 1951 2955 .....
1961 2934 1968 2955 ς

1075 2971 1113 2996 cf.
1127 2971 1358 3001 mem‘uttmz.
1379 2971 1448 2995 Acta
1461 2970 1578 3000 imperii,
1593 2969 1612 2998 1.
1628 2976 1654 3002 p.
1681 2968 1741 3000 238.
1779 2967 1969 2999 Ness’Agosto

1076 3013 1152 3038 delio
1173 3015 1263 3039 stesso
1284 3021 1360 3038 anno
1380 3013 1435 3044 egli
1457 3012 1637 3036 annunziava
1656 3011 1683 3035 al
1710 3018 1833 3035 vescovo
1859 3010 1886 3034 di
1908 3010 1969 3034 Hil-

2024 229 2100 254 Μυκη
2115 234 2136 252 c.
2150 229 2212 254 ⁹9⁶3]

2001 511 2055 531 Rex
2069 511 2169 531 Francie

2026 538 2089 560 obiit.

1999 833 2038 864 Sag
2043 833 2083 853 nia
2105 834 2171 858 ferro

2027 866 2123 885 igneque
2138 866 2175 881 νιι-

2026 889 2112 908 statur.

1998 2294 2029 2320 ²5

1996 2508 2032 2534 30

1996 2721 2029 2746 35

1997 2932 2031 2956 40
