2320 3444
54 258 57 261 v
113 242 197 280 [ΑΔ.
218 243 415 280 1215-12161

110 369 288 408 tribunali,
312 371 369 403 cui
392 371 612 404 centuriones
633 371 799 405 suberant
828 376 864 405 et
894 372 954 405 tri-

50 424 57 467 ]
111 422 195 456 huni
209 422 232 455 ¹.
275 422 356 466 Ipso
379 424 474 467 prius
495 424 660 467 loquente
683 430 787 468 prout
815 425 957 468 spiritus

111 476 218 510 dabat
241 476 357 519 eloqui
379 477 441 515 ini,
465 482 500 510 et
522 477 731 510 mentionem
754 478 799 511 de
830 477 956 511 comite

44 538 61 567 :·-'
111 529 222 562 sancti
245 529 363 573 Egidii
386 529 446 573 qui
470 530 585 573 lapsus
608 531 724 564 fuerat
745 531 782 563 in
804 531 954 563 heresim

56 611 58 614 ,
111 581 278 621 faciente,
302 589 338 616 et
359 584 546 617 mandante
577 589 617 617 ut
645 590 771 617 terram
801 583 908 626 ipsius
934 595 955 616 a

111 635 237 668 comite
279 635 514 669 Montisfortis
553 643 738 679 acceptam
779 637 955 670 custodire

48 700 54 733 j
109 688 202 722 idem
226 699 343 722 comes
364 700 475 733 usque
497 690 544 723 ad
566 691 765 723 mandatum
780 700 878 723 suum
894 690 955 722 de-

53 738 58 782 2
108 741 222 775 beret:
245 742 372 775 librum
388 742 543 775 Ioachim
565 753 626 775 seu
640 749 822 776 tractatum
836 743 956 786 damp-

53 799 55 802 ⁴
108 795 215 834 nauit,
228 806 330 839 quem
347 802 469 829 contra
482 796 684 840 magistrum
700 796 838 829 Petrum
851 795 955 828 Lom-

51 886 53 888 ,
109 847 255 882 bardum
287 849 444 882 ediderat
477 849 522 883 de
551 849 683 882 unitate
712 859 775 882 seu
806 848 955 882 essentia

39 942 54 946 „
108 900 299 940 Trinitatis,
322 901 412 935 sicut
448 902 483 934 in
519 901 632 945 primo
671 902 954 935 constitutionum

49 961 54 966 ⁴
108 954 262 998 capitulo
285 954 500 988 continetur:
523 954 674 998 predicti
695 953 788 998 regis
810 954 955 997 F[rede-

107 1008 186 1050 rici]
210 1007 415 1042 electionem
438 1018 504 1051 per
525 1009 707 1052 principes
735 1006 953 1041 Alammanie

106 1060 238 1095 factam
261 1061 415 1105 legitime
437 1061 474 1094 in
497 1061 740 1105 imperatorem
755 1061 952 1095 Romanum

105 1114 304 1158 approbans
327 1115 553 1148 confirmauit.
598 1115 645 1148 Et
659 1120 781 1148 sancta
802 1115 955 1159 synodus

51 1159 57 1181 s
107 1176 180 1200 Lxx
201 1168 355 1211 capitula
377 1168 613 1212 promulgauit
623 1167 647 1200 ².

193 1219 322 1264 Sicque
344 1227 490 1264 propter
512 1231 650 1254 causam
665 1221 847 1255 Trinitatis
862 1231 950 1254 sum-

50 1273 53 1276 ⁴
107 1271 192 1314 m‘us,
207 1274 366 1318 pontifex
379 1279 534 1308 sanctam
551 1275 722 1319 synodum
732 1274 824 1308 trina
839 1275 953 1308 sexio-

107 1338 151 1361 ne
174 1327 372 1371 compleuit.

194 1434 448 1478 [M⁰CCXV1⁰].
482 1434 682 1479 Stephanus
704 1435 812 1469 abbas
834 1446 953 1469 mense

52 1483 58 1503 ⁴
106 1488 268 1528 Ianuarii,
290 1488 383 1522 facta
405 1489 655 1532 compositione
677 1500 756 1522 cum
778 1489 954 1528 Miraddo,

105 1542 241 1586 recepit
255 1551 395 1575 roccam
411 1541 550 1582 Bantre,
574 1548 611 1576 et
625 1543 847 1576 Innocentius
862 1554 952 1586 papa

16 1615 17 1618 ι
106 1594 321 1628 Adenulfum
344 1596 519 1639 quondam
536 1596 696 1629 abbatem
719 1607 779 1629 sue
802 1597 952 1631 restituit

17 1671 20 1677 2
45 1666 62 1693 ς,
105 1647 274 1687 libertati;
300 1648 357 1682 cui
381 1659 445 1691 pro
468 1649 540 1682 uita
562 1649 716 1692 prouidit
738 1661 799 1683 sua
821 1650 866 1683 de
894 1661 952 1683 ec-

18 1696 21 1697 ⁷
48 1700 50 1706 '
107 1701 215 1736 clesia
244 1703 359 1735 sancti
388 1701 576 1735 Benedicti
597 1703 635 1735 in
665 1703 786 1747 Capua
799 1703 823 1742 ⁸,
850 1704 952 1748 eique

48 1754 65 1805 ⁵.
104 1754 325 1799 postmodum
349 1755 501 1789 ecclesia
521 1755 634 1790 sancti
655 1755 783 1800 Angeli
805 1757 841 1789 in
865 1758 952 1790 For-

56 1836 59 1843 ,
105 1807 170 1842 mis
191 1807 236 1841 de
259 1808 385 1841 maiori
409 1808 524 1853 gratia
546 1815 598 1842 est
622 1809 786 1843 adiuncta
797 1810 819 1843 ⁴.

193 1861 314 1896 Dictus
349 1861 457 1895 abbas
491 1861 688 1906 Stephanus
718 1863 833 1897 Rome
860 1865 953 1907 apud

16 1918 26 1936 -’
58 1920 75 1945 ἲ
104 1914 315 1949 Lateranum
344 1926 408 1959 per
431 1915 626 1950 Ostiensem
657 1917 860 1961 episcopum
873 1920 885 1938 ⁵
915 1918 951 1950 in

17 1988 19 1991 v
58 1986 73 2012 ,ι-
104 1969 323 2003 sacerdotem
347 1969 539 2003 honorifice
562 1976 741 2013 promotus
765 1977 827 2004 est.

16 2058 18 2063 ,
68 2059 69 2064 ,
193 2023 271 2056 Hoc
295 2034 384 2056 anno
408 2023 585 2066 Diopuldo
609 2024 681 2057 dux
708 2023 841 2068 Spoleti
873 2036 951 2058 cum

16 2082 31 2126 {s
55 2092 65 2127 3
78 2109 82 2112 ,
107 2075 245 2110 occulte
279 2087 383 2120 super
417 2077 550 2110 asinum
583 2077 708 2110 sedens
743 2078 788 2111 de
822 2079 953 2112 ducatu

17 2134 26 2173 ζ
104 2128 262 2163 reddiret
284 2130 321 2163 in
343 2140 489 2175 regnum
512 2130 561 2164 ita
577 2130 672 2174 apud
687 2131 853 2165 Tiberam
869 2143 953 2175 cap-
997 2130 1004 2136 '

19 2176 27 2222 ἶ
64 2193 85 2222 ,·’
105 2187 161 2216 tus
183 2188 247 2222 est,
271 2189 305 2216 et
327 2184 480 2217 senatori
503 2184 599 2217 urbis
621 2184 656 2217 in
674 2185 867 2218 custodiam
884 2191 952 2219 tra-

281 2236 454 2270 Henricus
484 2237 575 2282 regis
604 2237 695 2270 filius
728 2248 749 2270 a
778 2238 951 2272 Panormo

19 2198 35 2287 ’ἶ
58 2219 74 2261 s
105 2235 234 2279 dit[u2].

194 2380 220 2407 3.
238 2373 415 2398 menslonem
436 2374 500 2399 Cod.
526 2386 558 2391 —
578 2373 604 2398 8.
622 2373 750 2399 Iohaclm
771 2375 834 2400 Cod.
855 2388 888 2393 —
909 2382 950 2408 ²3·

32 2415 35 2450 J
82 2435 83 2438 =
106 2417 253 2456 quemdam
273 2418 337 2443 Cod.
358 2431 391 2435 —
411 2424 453 2451 33.
473 2418 503 2442 in
523 2417 615 2444 invecae
635 2418 666 2443 di
682 2418 725 2444 ita
744 2418 840 2445 GAun.

38 2555 39 2558 Ν
191 2524 202 2543 ¹
221 2526 246 2551 11
265 2533 301 2560 30
320 2533 387 2551 nov.
410 2532 487 2559 ηις,
508 2526 580 2552 senta
599 2527 628 2551 di
643 2527 845 2560 sant’Andrea,
864 2529 953 2554 cadde
971 2529 1004 2556 dl

34 2603 35 2606 Ν
63 2559 84 2595 J.-
106 2567 214 2599 lunedl,
231 2575 247 2594 e
267 2570 296 2593 in
315 2570 417 2601 questo
436 2569 542 2601 glorno
564 2569 592 2594 fu
605 2570 706 2595 tenuta
719 2570 748 2595 la
761 2572 840 2596 terza
852 2572 886 2597 ed
900 2572 1003 2597 ultima

24 2630 27 2638 2
61 2600 89 2625 3
106 2610 206 2637 sedata
223 2610 269 2636 del
289 2610 435 2640 Concilio,
456 2610 533 2635 nella
551 2611 636 2643 quale
656 2611 679 2636 il
698 2619 771 2646 papa
791 2614 877 2638 tenne
896 2621 936 2638 un
949 2621 1004 2639 ser-

23 2647 75 2691 15³
106 2658 191 2679 mons
209 2652 254 2679 nul
273 2653 367 2680 Sulmo
390 2652 496 2678 van
524 2653 600 2678 deu-
626 2654 745 2679 mbmn
772 2654 828 2681 “81
853 2656 1005 2681 dormiatis

33 2700 83 2733 :ff
109 2694 124 2710 ''
132 2695 209 2722 luter
227 2695 336 2721 medios
354 2695 454 2728 cleros,
470 2703 581 2728 pennae
593 2697 742 2722 columbae
754 2697 964 2731 deargentatae,
977 2703 1006 2724 et

28 2728 77 2781 1²4
109 2737 293 2772 “posteriora
311 2739 390 2763 dorsi
410 2738 472 2763 elus
493 2740 523 2763 in
543 2739 638 2772 specle
657 2740 721 2764 auri
730 2749 760 2772 ,ι
773 2739 884 2771 Mmsx,
895 2745 938 2773 op.
951 2742 1006 2771 cit„

21 2790 82 2819 ιιι
107 2780 175 2806 coll.
193 2786 244 2814 973
264 2788 280 2806 ι
298 2785 360 2814 979.

31 2836 34 2840 -
68 2821 77 2838 '·
194 2819 206 2839 ²
224 2822 266 2848 Ed
284 2823 414 2856 appunto
434 2827 469 2854 70
489 2822 593 2847 fun-ono
612 2823 623 2848 1
642 2823 764 2857 capitoli
783 2824 961 2858 promulgati
975 2826 1006 2850 ln

24 2871 26 2876 ’
40 2868 50 2901 j
63 2858 88 2898 ς’
107 2865 206 2897 que-to
224 2863 370 2890 Concilio.
407 2864 431 2890 11
451 2865 576 2890 secondo
588 2864 616 2890 di
630 2867 723 2898 questi
737 2867 859 2900 capitoli
872 2868 1007 2900 riguarda

37 2901 61 2944 ’“Ν-
82 2907 85 2921 ’·
107 2905 221 2932 l'orrore
239 2908 270 2932 in
290 2908 335 2932 cui
356 2907 471 2933 sax-ebbe
495 2907 600 2933 caduto
625 2908 748 2934 l’abbate
768 2908 950 2935 Gloacchlno
970 2911 1006 2935 da

31 2950 81 2986 3
107 2948 192 2974 Flore
209 2949 256 2974 nel
271 2957 323 2975 suo
335 2951 458 2976 trattato
474 2950 488 2963 ¹‘
497 2952 598 2976 contra
611 2951 780 2984 magistrum
793 2951 908 2977 Petrum
923 2952 1007 2977 Lom-

24 2985 74 3031 Ν-ἶῖ,
111 2989 253 3017 'badum
272 2991 306 3018 de
323 2994 437 3018 unitate
456 3000 504 3018 seu
523 2994 648 3018 essentla
673 2993 904 3020 Trinitatln....
923 2996 951 3020 et
974 2994 1008 3020 de

110 3031 126 3047 ¹¹
137 3033 268 3067 dogmate
296 3042 430 3067 perverso
459 3033 599 3061 Amalrict
609 3043 643 3069 „3
671 3036 707 3061 cs.
736 3035 848 3067 Musei,
877 3040 919 3068 op.
950 3037 1007 3068 cit„

894 239 966 275 CH
968 239 1082 275 RON
1084 239 1098 275 1
1101 238 1172 276 CA

1016 1440 1058 1471 20

1016 1707 1057 1739 25

1015 1976 1057 2007 30

1015 2242 1057 2275 35

1022 851 1060 882 10

1020 1116 1058 1150 15

1201 1439 1403 1473 MCCXVI⁰
1426 1439 1623 1483 Stephanus
1638 1439 1837 1473 Casinensis
1853 1440 1961 1473 abbas

1112 1493 1208 1526 facta
1232 1494 1484 1536 compositione
1517 1505 1596 1526 cum
1626 1493 1802 1532 Miraddo‚
1834 1494 1960 1537 recipit

1111 1557 1252 1580 roccam
1276 1547 1416 1580 Bantre.
1462 1546 1663 1580 Adenulfus
1690 1547 1866 1590 quondam
1898 1547 1959 1580 ab-

1112 1600 1174 1633 bas
1197 1611 1218 1633 a
1241 1611 1333 1644 papa
1357 1600 1551 1639 dimittitur,
1575 1600 1632 1633 cui
1655 1599 1700 1633 ab
1730 1601 1807 1643 ipso
1832 1611 1959 1633 conce-

1113 1653 1205 1686 ditur
1227 1653 1378 1686 ecclesia
1401 1653 1514 1686 sancti
1544 1651 1730 1686 Benedicti
1759 1653 1795 1685 in
1827 1653 1960 1696 Capua,

1113 1713 1148 1740 et
1170 1706 1214 1741 de
1237 1707 1351 1751 gratia
1375 1706 1526 1740 ecclesia
1542 1706 1653 1739 sancti
1669 1705 1798 1750 Angeli
1816 1706 1850 1738 in
1875 1707 1960 1739 For-

1113 1761 1179 1793 mis
1201 1760 1343 1794 additur
1364 1760 1427 1793 illi.

1200 1814 1278 1846 Hoc
1302 1824 1392 1847 anno
1417 1814 1529 1847 dictus
1544 1813 1744 1856 Stephanus
1760 1813 1962 1847 Casinensis

1112 1867 1219 1900 abbas
1241 1866 1355 1900 Rome
1383 1867 1478 1910 apud
1500 1867 1712 1899 Lateranum
1735 1866 1772 1898 in
1797 1867 1960 1900 sacerdo-

1110 1926 1181 1954 tem
1203 1930 1267 1963 per
1288 1931 1411 1953 manus
1433 1920 1604 1954 Ostiensis
1635 1920 1791 1963 episcopi
1821 1931 1960 1963 promo-

1112 1979 1223 2007 uetur.

1199 2028 1406 2073 Dyopuldus
1418 2029 1462 2062 de
1475 2029 1605 2061 ducatu
1620 2027 1755 2071 Spoleti
1766 2029 1802 2061 in
1814 2038 1960 2071 regnum

1112 2082 1248 2115 occulte
1272 2082 1424 2121 rediens,
1447 2092 1552 2124 super
1575 2082 1708 2114 asinum
1731 2082 1856 2114 sedens
1882 2091 1961 2124 pro-

1113 2136 1215 2174 ditus,
1232 2141 1267 2168 et
1280 2135 1443 2179 cognitus
1459 2136 1551 2178 apud
1567 2135 1743 2180 Tyberam
1760 2140 1882 2178 captus
1898 2140 1960 2173 est,

1113 2195 1146 2222 et
1168 2189 1318 2222 senatori
1341 2188 1448 2221 Urbis
1469 2189 1505 2220 in
1528 2189 1722 2222 custodiam
1745 2189 1902 2227 traditus,
1926 2194 1961 2220 et

1111 2243 1253 2275 tandem
1277 2242 1478 2275 interuentu
1501 2242 1648 2285 pecunie
1672 2241 1850 2274 liberatus.

1057 2529 1205 2563 979-1068.

1146 2570 1158 2588 ³
1176 2573 1200 2597 11
1222 2574 1386 2597 monastero
1406 2573 1435 2597 di
1455 2572 1481 2597 S.
1500 2571 1657 2596 Benedetto
1677 2571 1708 2595 di
1723 2569 1822 2603 Capua
1835 2577 1883 2595 era
1903 2578 1959 2594 una

1055 2615 1240 2649 prepositura
1259 2615 1289 2640 di
1309 2615 1536 2640 Montecasslno.

1145 2655 1158 2673 ⁴
1178 2658 1210 2682 In
1229 2657 1394 2690 quest’altra
1420 2658 1600 2689 prepositura
1626 2654 1784 2686 Cassinese,
1809 2654 1958 2679 Adenolfo

1056 2708 1125 2734 pare
1138 2702 1180 2726 sia
1194 2700 1347 2725 succeduto
1361 2707 1377 2724 a
1398 2698 1412 2712 “
1423 2699 1612 2731 Phamphilus
1626 2699 1788 2731 preposltus
1799 2715 1812 2728 n
1826 2697 1856 2721 dl
1871 2697 1918 2722 cul
1932 2698 1955 2722 si

1058 2743 1094 2767 ha
1108 2743 1221 2768 notizia
1239 2750 1289 2775 per
1302 2742 1324 2767 11
1339 2749 1436 2766 marzo
1459 2747 1544 2772 1:053
1566 2740 1602 2765 cf.
1616 2741 1651 2765 D.
1665 2740 1778 2765 ΜΛυκο
1791 2739 1958 2769 nmmum,

1060 2787 1181 2818 Regesto
1199 2785 1231 2810 di
1249 2785 1277 2810 S.
1296 2785 1405 2817 Angelo
1424 2785 1451 2809 in
1470 2783 1584 2815 Formis,
1610 2783 1785 2808 Tabulan'um
1808 2782 1959 2812 Casinense,

1059 2827 1282 2855 Montecasslno.
1304 2831 1380 2858 1925,
1400 2826 1462 2850 doc.
1482 2833 1509 2849 n.
1527 2830 1558 2849 10
1565 2832 1572 2852 3
1591 2824 1716 2849 ΕυυΑιω
1729 2823 1885 2851 STHAMER,
1898 2824 1959 2848 Das

1061 2870 1210 2894 chartular
1223 2877 1274 2894 von
1289 2868 1476 2899 Sant’Angelo
1489 2867 1516 2891 in
1535 2866 1642 2891 Formis
1661 2867 1691 2890 ln
1711 2864 1870 2894 Quellen
1890 2866 1959 2898 und

1060 2911 1106 2935 Fo
1115 2910 1194 2935 rsch
1203 2918 1246 2935 un
1256 2917 1332 2944 gen,
1351 2909 1541 2935 dell’Istituto
1560 2909 1674 2934 Stoi-ico
1687 2907 1845 2933 PrussIano
1859 2907 1889 2932 dl
1902 2908 1958 2932 Ro-

1060 2960 1113 2982 ma,
1133 2953 1233 2982 Roma,
1254 2958 1331 2985 1930,
1350 2951 1440 2976 Band.
1461 2957 1503 2981 υ,
1522 2958 1549 2984 p.
1569 2957 1612 2983 30.

1148 2992 1159 3008 ⁸
1178 2994 1242 3026 Ugo
1260 2996 1345 3020 conte
1364 2994 1393 3018 di
1419 2993 1506 3026 segni
1532 2999 1658 3018 vescovo
1684 2992 1794 3018 cardIn.
1819 2993 1848 3017 dl
1875 2992 1959 3018 Ostia

1062 3044 1077 3062 e
1096 3037 1125 3062 dl
1145 3037 1278 3062 Velletrl.

1988 2702 2022 2720 20

1988 2915 2020 2942 ²5
