2320 3444
131 472 166 500 et
187 471 388 499 sternuntur
410 467 454 499 ad
477 467 587 499 solum
603 466 624 499 ¹.

128 1103 363 1136 reformanda.

28 1135 37 1158 ἰ

11 1198 35 1243 l

12 1246 33 1273 45

22 1288 34 1316 t

213 1908 222 1926 ¹
250 1908 292 1934 La
318 1909 512 1942 rappresaglia
541 1909 784 1942 dell’imperatore
812 1911 1018 1935 neil‘ordinare

0 1957 18 2000 ῼ
125 1951 176 1976 che
194 1951 409 1976 n’abbattessero
430 1952 455 1975 le
480 1959 559 1976 mura
583 1959 598 1976 e
621 1953 644 1976 si
671 1952 854 1985 riemplssero
879 1952 890 1976 i
917 1953 1017 1977 fossati

0 2005 7 2022 ς
84 2001 99 2027 5
127 1994 158 2019 di
175 1994 295 2027 Foggia,
314 1993 499 2019 Casalnuovo
517 2001 532 2019 e
550 1994 577 2019 S.
596 1994 708 2025 Severo,
727 1994 784 2029 puo
803 1995 960 2020 intendersi
977 1995 1018 2019 sia

0 2027 7 2043 ³
127 2036 225 2070 peria
251 2037 415 2061 scomunica
441 2036 567 2061 lanciata
591 2036 638 2062 dal
666 2045 739 2070 papa
762 2039 865 2062 contro
890 2037 1018 2062 Rinaldo

127 2078 200 2103 duca
219 2078 248 2103 di
269 2078 388 2111 Spoleto
408 2086 422 2103 e
448 2078 469 2103 il
497 2079 610 2104 fratello
635 2079 789 2111 Bernardo,
817 2080 859 2105 sla
883 2087 933 2112 per
958 2087 1018 2104 non

0 2114 13 2167 ᾗ
126 2129 195 2146 aver
213 2121 315 2146 voluto
334 2121 508 2155 restituti-gli
527 2122 618 2148 Gaeta
641 2129 656 2147 e
674 2122 701 2147 S.
721 2122 815 2155 Agata
835 2130 893 2147 non
914 2130 1018 2147 ancora

0 2168 5 2188 i
126 2163 162 2188 da
180 2163 222 2188 lui
243 2165 420 2188 sottomesse.

68 2214 100 2233 ιο
214 2204 226 2220 ²
245 2205 394 2231 Giovannl
411 2207 493 2232 abate
512 2207 543 2232 di
562 2206 724 2232 Casamari:
744 2208 772 2232 di
801 2208 842 2232 lui
869 2207 894 2232 si
918 2208 1018 2232 hanno

128 2248 238 2273 notizie
259 2248 354 2273 alvan.
373 2255 439 2280 ¹²24
459 2250 489 2273 in
508 2250 644 2279 Beuum.
666 2256 742 2282 1512,
759 2248 800 2279 18,
814 2257 856 2282 41.
894 2250 982 2275 Senza
995 2251 1016 2274 il

0 2307 9 2342 ἔ
128 2297 211 2315 nome
229 2289 244 2316 ἒ
263 2297 332 2323 pure
352 2291 497 2316 ricordato
517 2291 564 2316 dal
584 2291 678 2325 luglio
699 2298 768 2325 ¹²30
788 2291 816 2317 al
840 2291 873 2316 26
890 2292 926 2322 11,
951 2299 1015 2325 1231

5 2337 12 2366 ζ
126 2339 176 2366 per
195 2332 327 2357 missioni
348 2333 377 2356 di
403 2331 546 2365 Gregorio
569 2333 609 2358 IX
633 2333 871 2367 all’lmperatore3
898 2333 1018 2358 Ronan-

0 2346 10 2412 ξ
127 2380 211 2405 uuo·
230 2375 250 2406 Ι,
272 2381 317 2407 pp·
337 2381 397 2407 333,
418 2374 470 2407 34⁶
489 2382 504 2399 ι
523 2374 584 2408 348·

0 2427 6 2452 ,
69 2421 98 2448 15
214 2415 225 2431 ³
243 2417 297 2441 Del
316 2418 536 2450 giurista·poeta
548 2417 612 2442 Pier
625 2417 700 2442 della
713 2418 808 2451 Vigna
829 2417 843 2432 a
853 2426 954 2451 magne
968 2420 1017 2442 irn-

0 2453 8 2504 Ξ·
129 2459 271 2492 “perialis
291 2460 391 2490 curie„
413 2461 435 2483 si
457 2466 624 2484 conoscono
644 2461 746 2492 clnque
770 2460 826 2485 soll
853 2461 1018 2485 documenti

0 2507 7 2543 t
126 2501 175 2526 dal
198 2508 362 2535 1225-1232;
382 2502 418 2526 cf.
439 2500 471 2526 C.
491 2502 527 2527 A.
546 2501 673 2532 Gutum,
691 2503 735 2527 La
755 2503 805 2534 piic
830 2504 920 2528 antica
931 2504 1018 2537 firma

127 2544 278 2577 autogr-asa
297 2545 328 2569 di
345 2545 414 2569 Pier
431 2545 505 2569 della
529 2544 626 2577 Vn'gna.
647 2546 677 2569 in
693 2545 775 2570 §ludi
787 2546 948 2576 Medu’evali,
961 2546 1017 2570 To-

127 2586 200 2615 rino,
222 2586 298 2620 1906.
318 2587 377 2612 vol.
395 2587 430 2618 11,
450 2595 478 2620 p.
500 2593 549 2618 104
567 2594 583 2611 e
601 2594 639 2620 sg.

67 2636 101 2655 20
214 2627 225 2645 ⁴
243 2629 349 2655 Nlcola
368 2636 491 2654 vescovo
510 2630 538 2654 di
558 2630 669 2662 Reggio
682 2629 804 2661 Emilla3
825 2631 851 2656 le
865 2632 954 2664 prime
969 2639 1017 2655 no-

3 2702 6 2708 *
126 2671 194 2695 tlzle
213 2674 357 2703 {puntano
376 2672 407 2696 ln
427 2672 560 2703 ΒδΗΜΕκ,
585 2670 652 2696 1286
666 2672 711 2696 nel
728 2672 854 2697 iebbraio
870 2679 946 2698 1221.
978 2672 1018 2697 La

0 2721 6 2748 ζ
127 2720 176 2738 sua
194 2714 426 2747 partecipazione
445 2714 499 2739 alle
518 2715 669 2738 trattative
688 2714 716 2738 di
737 2721 805 2748 paco
825 2715 868 2739 fra
882 2715 903 2739 il
918 2722 990 2748 papa
1004 2723 1019 2740 e

0 2749 5 2791 f
126 2755 318 2789 l'lmperatore
337 2757 360 2781 si
381 2758 464 2781 trova
483 2755 532 2790 piu
553 2756 756 2789 speetalmente
776 2756 903 2782 indicata
918 2759 947 2782 in
961 2759 1018 2783 Ro-

0 2803 3 2822 1
125 2804 270 2827 nmsuuo,
288 2797 310 2830 1,
329 2806 375 2832 pp.
395 2804 521 2831 233-335.

65 2843 97 2870 ²5
212 2839 224 2856 5
249 2840 355 2873 Gualo,
383 2840 488 2871 Gualo.
517 2840 599 2871 Gala.
627 2849 748 2867 monaco
776 2842 947 2867 dell'ordlne
972 2843 1018 2868 dei

125 2883 309 2918 predicatori,
327 2881 375 2917 gia
394 2884 508 2909 inviato
534 2885 580 2909 nel
609 2890 673 2916 1227
700 2884 747 2909 dal
773 2892 846 2918 papa
864 2892 942 2910 come
966 2893 1018 2910 suo

125 2925 221 2958 legato
239 2926 270 2951 ln
290 2925 477 2956 Lombardiaz
496 2928 532 2952 cf.
552 2926 745 2956 Reor-tunimo,
771 2934 819 2960 pp.
842 2927 902 2957 260,
927 2927 979 2952 266
1003 2935 1019 2962 e

0 2980 7 2995 ςἸ
126 2975 175 3000 sg..
195 2973 244 3000 335
264 2975 279 2993 e
298 2975 338 3000 sg.
374 2968 417 2993 Fu
436 2969 485 3001 pol
504 2975 627 2994 vescovo
647 2969 677 2994 dl
697 2969 807 2994 Brescia
828 2968 905 2994 neno
928 2971 1018 2995 stesso

916 175 1195 212 CHRONICA

1898 173 1967 213 167
1986 185 2061 209 Mun.¹
2076 190 2110 205 ce.
2122 190 2212 210 ποις-πο

134 313 270 351 gerant,
293 307 380 340 etin
397 307 562 351 Regnum
585 307 648 340 sub
665 318 727 350 spe
752 308 1011 350 compositionis
1033 307 1125 340 inter
1147 307 1332 340 ecclesiam
1356 313 1391 340 et
1413 308 1524 350 ipsum
1542 307 1729 345 redierant,
1746 316 1823 339 cum
1840 306 1973 338 eisdem

134 360 317 404 elegerunt
339 366 423 403 aput
445 359 611 394 Sanctum
635 360 847 394 Germanum
870 361 989 393 facere
1013 360 1205 393 stationem.

221 413 323 446 Tunc
345 414 566 456 Imperatoris
588 414 681 447 iussu
704 414 835 446 fossata
858 419 892 446 et
914 414 1001 446 muri
1025 414 1133 457 Fogie
1158 413 1292 446 Casalis
1316 414 1407 452 noui,
1431 420 1464 446 et
1487 413 1608 447 Sancti
1633 412 1752 446 Seueri
1781 413 1973 455 replentur,

51 500 56 517 ἑ
672 465 780 505 Quod
805 477 883 499 cum
906 467 972 509 ipsi
997 466 1234 499 cardinalibus
1257 467 1501 505 innotesceret,
1524 467 1583 510 qui
1607 466 1792 509 preuenire
1821 466 1973 507 Impera-

31 511 57 564 ¹5
88 517 108 550 5
131 523 243 552 torem
265 518 459 557 uoluerant,
482 529 602 552 uersus
623 519 780 562 Capuam
802 525 1041 561 properantes,
1066 529 1085 551 a
1108 519 1229 551 Teano
1253 520 1298 551 ad
1322 519 1488 551 Sanctum
1507 520 1716 552 Germanum
1731 518 1874 557 reuersi,
1891 528 1970 560 pre-

28 568 30 574 *
51 573 55 575 “
132 571 220 605 latos
242 582 374 610 omnes,
397 578 544 615 excepto
567 572 693 605 abbate
716 573 916 611 Cannense,
932 573 1047 604 redire
1064 572 1282 615 Ceperanum
1298 573 1481 610 iusserunt,
1504 579 1539 605 et
1555 573 1619 614 ipsi
1634 582 1671 604 se
1695 582 1775 604 mox
1797 581 1876 604 cum
1892 582 1969 614 pre-

131 625 228 658 dicto
251 624 441 658 casinense
463 625 602 663 abbate,
625 625 682 668 qui
706 636 767 658 eos
782 631 832 658 est
849 636 868 658 e
884 626 1030 668 uestigio
1047 625 1260 663 subsecutus,
1277 626 1432 668 Capuam
1450 625 1692 662 contulerunt;
1709 625 1766 657 ubi
1783 625 1974 666 penultimo

130 678 242 712 Madii
258 679 303 711 ad
314 689 375 715 eos
388 680 530 711 ueniens
546 679 748 721 Imperator,
765 689 842 711 cum
860 679 1005 711 formam
1022 689 1093 711 non
1107 685 1313 721 acceptaret
1325 679 1525 716 concordie,
1538 678 1618 721 quia
1634 677 1796 710 Sanctam
1810 677 1973 722 Agathen

30 769 40 776 Ἴ(
131 735 167 763 et
189 730 348 763 Gaietam
371 730 523 763 retinere
545 730 684 763 uolebat
707 730 866 768 ecclesia,
889 730 1096 762 recedentes
1119 741 1138 762 a
1162 730 1292 772 Capua,
1316 729 1478 762 Suessam
1503 741 1539 762 se
1564 730 1750 761 conferunt
1766 729 1971 762 cardinales.

30 778 47 815 ’ζ
70 783 108 815 10
132 783 204 816 Ubi
227 793 306 815 cum
331 783 508 817 Gaietanis
529 783 721 825 loquentes,
745 793 833 826 quos
855 782 918 815 sub
941 792 1064 816 securo
1087 783 1216 815 ducatu
1239 782 1372 816 abbatis
1396 782 1608 815 Casemarii²
1632 782 1786 826 magistri
1811 782 1904 815 Petri
1928 783 1971 814 de

44 838 45 842 ’
130 835 269 869 Uinea’
292 843 327 870 et
349 836 502 878 Philippi
525 837 569 868 de
592 835 687 868 Citro
711 835 936 869 comestabuli
960 835 1079 877 Capue
1103 836 1149 868 ad
1179 846 1216 868 se
1243 836 1362 868 uenire
1394 837 1562 873 fecerant,
1594 846 1672 867 cum
1702 836 1797 878 ipsos
1829 836 1874 867 ad
1906 836 1972 868 Im-

130 890 302 932 peratoris
324 896 407 923 uota
428 889 572 922 flectere
595 889 841 932 nequiuissent,
858 888 903 921 ad
920 887 1084 921 Sanctum
1110 889 1318 922 Germanum
1342 889 1473 921 reuersi
1496 895 1583 921 sunt.
1627 889 1698 922 Ubi
1715 899 1793 921 cum
1810 889 1869 921 diu
1885 895 1974 921 esset

131 943 176 976 de
199 943 392 976 concordie
415 943 528 976 forma
551 948 745 980 tractatum,
768 952 836 974 nec
867 948 994 985 posset,
1024 948 1145 975 actore
1176 942 1330 974 faciente
1362 942 1548 980 discordie,
1581 943 1785 980 consummi,
1817 942 1970 984 oportuit

20 1032 29 1038 „
129 995 251 1029 iterum
276 996 475 1040 magistrum
497 996 619 1028 domus
641 995 915 1028 Teutonicorum
939 996 984 1028 ad
1001 996 1178 1028 dominum
1193 1005 1319 1038 papam
1336 995 1435 1027 simul
1451 1005 1529 1027 cum
1545 995 1685 1039 Regino
1703 995 1747 1028 de
1762 995 1973 1028 Lombardia

33 1046 40 1058 ⁷¹
68 1049 106 1082 15
131 1050 297 1092 episcopo
323 1049 481 1082 laborare
493 1048 516 1091 ⁴,
540 1050 599 1092 qui
623 1049 714 1081 serio
737 1049 783 1081 ad
805 1049 1054 1092 Imperatorem
1077 1055 1223 1081 uenerat
1245 1059 1309 1090 pro
1332 1059 1421 1091 pace
1445 1049 1537 1081 inter
1562 1049 1686 1091 ipsum,
1717 1055 1752 1081 et
1782 1049 1967 1082 ecclesiam

15 1098 26 1106 ³
410 1102 482 1142 Qui
505 1113 583 1136 cum
606 1103 680 1135 sine
704 1103 836 1135 effectu
859 1102 1024 1141 redirent,
1049 1108 1302 1146 consequenter
1325 1103 1370 1135 ad
1394 1113 1520 1145 papam
1543 1103 1700 1143 redeunt,
1726 1108 1760 1134 et
1783 1109 1867 1135 tunc
1892 1114 1968 1135 curn

130 1156 180 1188 eis
203 1156 345 1199 quidam
369 1157 480 1189 frater
502 1156 614 1189 Gualo
637 1155 788 1188 mittitur
809 1156 853 1188 de
877 1156 1001 1189 ordine
1025 1155 1282 1198 predicatorum
1297 1158 1308 1176 ⁵
1338 1155 1453 1188 forma
1485 1155 1677 1188 concordie
1708 1161 1904 1198 acceptata;
1937 1162 1972 1187 et

129 1209 204 1252 ipse
227 1220 318 1252 papa
342 1208 473 1243 Urbem
489 1209 618 1247 exiens,
634 1210 729 1242 uenit
744 1215 827 1252 aput
842 1209 1009 1253 Cryptam
1027 1209 1204 1241 ferratam.
1238 1208 1432 1251 Imperator
1447 1219 1533 1241 uero
1549 1209 1594 1241 de
1610 1208 1730 1251 Capua
1747 1209 1814 1240 iam
1831 1214 1971 1241 uenerat

129 1263 174 1295 ad
197 1262 363 1296 Sanctum
388 1263 595 1296 Germanum
608 1263 631 1302 ⁶,
656 1262 714 1295 ubi
732 1263 845 1296 dictus
860 1264 988 1295 fratrer
1005 1263 1118 1296 Gualo
1133 1263 1169 1295 in
1185 1263 1270 1294 hora
1286 1262 1437 1295 serotina
1461 1263 1630 1295 allocutus
1648 1269 1699 1295 est
1713 1262 1841 1304 ipsum3
1866 1269 1900 1294 et
1924 1262 1969 1294 ad

61 1317 104 1348 20
127 1316 271 1349 uerbum
295 1316 386 1349 illius
409 1317 612 1349 satisfacere
637 1316 787 1350 ecclesie
811 1317 931 1349 annuit
953 1317 1157 1359 Imperator,
1182 1322 1324 1358 propter
1347 1316 1441 1359 quod
1458 1316 1492 1347 in
1508 1316 1640 1359 signum
1660 1316 1768 1348 letitie
1785 1316 1819 1347 in
1837 1316 1966 1348 Sancto
1991 1315 2124 1364 Αῗιζβᾶᾔζξθ
2154 1321 2204 1335 ‘'⁰'‘-

130 1369 306 1403 Germano
328 1376 407 1403 sunt
429 1380 493 1412 per
515 1380 635 1402 omnes
657 1370 825 1402 ecclesias
855 1370 953 1413 signa
984 1369 1131 1412 pulsata,
1162 1375 1196 1402 et
1225 1369 1319 1402 idem
1353 1369 1462 1402 frater
1492 1369 1613 1402 Gua'lo
1636 1370 1682 1402 ad
1705 1379 1842 1412 papam,
1866 1379 1967 1413 quem

127 1429 212 1466 aput
235 1422 430 1467 Anagniam
454 1423 620 1466 repperit.
644 1423 707 1456 sub
731 1423 933 1456 festinantia
956 1423 1134 1456 remeauit.

217 1476 328 1520 Igitur
352 1476 409 1509 die
425 1476 548 1509 Martis
571 1487 664 1509 nono
687 1482 799 1510 stante
822 1476 908 1509 Iulio
931 1476 967 1509 in
989 1477 1081 1509 festo
1106 1476 1227 1509 Sancti
1252 1475 1490 1519 Apollinaris⁷
1506 1476 1656 1519 predicti
1671 1475 1871 1509 Sabinensis
1894 1477 1967 1518 epi-

126 1539 252 1573 scopus
275 1536 311 1563 et
335 1530 464 1563 Sancte
480 1529 609 1563 Sabine
626 1530 810 1563 cardinalis
832 1531 869 1562 in
883 1531 1007 1563 maiori
1024 1530 1176 1564 ecclesia
1193 1530 1316 1563 Sancti
1334 1530 1510 1569 Germani,
1528 1551 1568 1556 —
1585 1529 1805 1572 presentibus
1820 1530 1965 1572 patriar-

63 1584 105 1616 25
130 1583 197 1616 cha
220 1583 459 1627 Aquilegensi,
484 1583 746 1627 salseburgensi
769 1583 1046 1627 archiepiscopo,
1070 1583 1330 1627 Ratysponensi
1355 1590 1389 1615 et
1413 1583 1554 1627 Regino
1578 1583 1762 1626 episcopis,
1784 1583 1964 1617 Carinthie

127 1644 163 1670 et
184 1638 344 1671 Morauie
369 1638 526 1675 ducibus,
549 1637 766 1680 principibus
789 1637 1006 1678 Alamannie,
1029 1644 1111 1670 tunc
1134 1638 1226 1670 enim
1244 1639 1313 1671 dux
1329 1636 1468 1669 Austrie
1492 1637 1645 1680 grauiter
1667 1637 1929 1670 infirmabantur
1943 1636 1966 1677 ⁸,

1996 411 2094 430 Fossam
2121 411 2181 435 Fog
2187 411 2211 430 ie

2022 439 2146 462 replentur.

2057 1385 2077 1401 c.
2093 1381 2142 1400 πᾶν

217 1767 242 1793 8.
261 1767 395 1794 Sanctam
415 1769 586 1802 Agathatem
606 1769 683 1794 Uen.
703 1778 716 1794 e
734 1769 797 1794 Dat.
815 1769 860 1794 Ra
879 1783 912 1787 —
935 1776 974 1794 11.
995 1769 1190 1794 comestabilia
1210 1769 1285 1794 Uen.
1305 1777 1318 1793 e
1343 1769 1407 1793 Dm.
1431 1768 1475 1792 Rs
1501 1781 1533 1786 -—
1563 1775 1602 1799 13.
1629 1769 1743 1792 auctore
1769 1768 1844 1793 Uol-1.
1869 1776 1882 1792 e
1907 1768 1969 1793 Dar.

129 1811 172 1836 Ra
193 1824 202 1829 -
221 1811 415 1836 consummari
434 1811 532 1836 Paurz
552 1824 585 1829 -
608 1818 647 1843 ¹4·
666 1811 800 1836 domnum
820 1811 916 1836 Psarz
937 1826 969 1829 —
991 1811 1031 1836 16.
1052 1813 1156 1836 rediret
1175 1812 1272 1836 Paarz
1293 1825 1324 1830 -
1345 1817 1386 1835 21.
1407 1812 1475 1836 item
1495 1819 1543 1835 non
1563 1810 1639 1835 idem
1658 1810 1756 1835 PER-rz

1071 1918 1117 1935 an.
1141 1917 1216 1942 ¹²30-

1159 1950 1171 1967 θ
1190 1952 1276 1983 Dopo
1296 1951 1316 1975 il
1337 1958 1369 1984 25
1390 1952 1512 1984 giugno.
1994 1956 2029 1980 30

1159 1992 1170 2009 ⁷
1190 1994 1222 2019 R.
1243 2001 1301 2018 non
1321 1993 1335 2018 ὲ
1354 1995 1447 2018 esatto
1469 1992 1668 2017 neil’indicare
1682 1993 1691 2016 i
1704 1992 1803 2024 glorni
1817 1992 1860 2016 dei
1878 1999 1965 2021 mese;

1072 2036 1218 2068 mortediq
1239 2037 1300 2066 Vll,
1319 2042 1394 2067 1230,
1415 2037 1580 2060 ricorrenza
1598 2035 1673 2060 della
1690 2035 1761 2059 festa
1782 2035 1809 2058 di
1830 2035 1857 2059 S.
1877 2035 1967 2067 Apol—

1073 2079 1173 2108 linare,
1192 2087 1206 2103 e
1226 2078 1368 2103 mercoled)
1385 2080 1401 2103 8
1428 2079 1488 2107 Vll,
1506 2083 1582 2108 1230,
1605 2078 1710 2109 vigilia
1730 2078 1758 2101 di
1779 2077 1806 2102 S.
1826 2077 1967 2102 Glacomo

1072 2122 1209 2150 zebedeo,
1228 2121 1258 2146 di
1278 2123 1323 2146 cui
1345 2121 1424 2153 parla
1445 2121 1522 2145 nella
1542 2128 1567 2152 p.
1588 2128 1629 2153 sg.
1657 2120 1699 2151 Se,
1714 2120 1824 2148 difatti,
1839 2120 1859 2143 ii
1874 2127 1890 2151 9
1904 2120 1963 2151 VH,

1075 2171 1142 2196 1230
1160 2164 1248 2188 cadde
1267 2164 1294 2188 di
1314 2162 1443 2194 martedi,
1464 2163 1484 2187 il
1503 2163 1608 2196 giorno
1628 2162 1644 2187 8
1667 2162 1834 2195 precedente
1861 2162 1968 2186 ricorse
1995 2170 2027 2196 35

1072 2213 1130 2230 non
1151 2206 1171 2230 il
1192 2205 1355 2235 mercoiedi,
1376 2213 1419 2229 ma
1439 2205 1461 2229 il
1480 2204 1588 2229 lunedi.
1627 2205 1648 2228 E
1675 2213 1690 2229 a
1715 2211 1834 2236 pensare
1859 2205 1909 2228 che
1934 2203 1967 2228 R.

1072 2248 1101 2272 di
1122 2249 1215 2280 questl
1235 2248 1289 2273 due
1308 2249 1373 2272 fatti
1394 2248 1574 2280 importanti,
1595 2247 1616 2271 il
1641 2248 1823 2280 giuramento
1849 2246 1968 2270 dell’im-

1071 2292 1202 2323 peratore
1221 2291 1247 2315 al
1268 2298 1342 2324 papa
1362 2299 1375 2314 e
1395 2290 1582 2315 l’abolizione
1595 2289 1824 2314 dell’interdetto
1839 2289 1874 2313 da
1888 2290 1967 2320 parte

1072 2334 1101 2358 di
1122 2333 1195 2358 frate
1214 2333 1319 2365 Gualo,
1339 2332 1454 2357 ricordb
1475 2333 1548 2363 solo,
1563 2333 1751 2357 scrivendone
1764 2332 1923 2356 adistanza
1937 2331 1967 2355 di

1072 2377 1150 2407 anni,
1171 2377 1178 2399 i
1199 2377 1296 2408 giorni
1317 2376 1392 2400 della
1413 2376 1566 2400 settimana
1585 2382 1600 2399 e
1620 2375 1646 2398 le
1672 2375 1829 2398 ricorrenze
1856 2373 1966 2397 festive.
1995 2381 2030 2405 40

1071 2417 1111 2442 Le
1131 2418 1185 2443 due
1205 2419 1274 2443 feste
1293 2419 1321 2443 di
1342 2419 1370 2443 S.
1390 2418 1564 2450 Apollinare
1578 2425 1591 2441 e
1605 2418 1633 2441 di
1648 2417 1675 2442 S.
1690 2416 1828 2441 Giacomo
1841 2415 1967 2440 Zebedeo

1071 2469 1144 2486 sono
1164 2462 1276 2495 segnati
1296 2462 1317 2486 il
1339 2468 1371 2494 23
1391 2469 1405 2486 e
1425 2461 1447 2486 il
1467 2461 1652 2492 251uglioln
1673 2461 1742 2484 tutti
1758 2460 1767 2483 i
1782 2458 1965 2491 Martirologi

1071 2504 1179 2530 Storici
1199 2504 1244 2529 del
1264 2504 1361 2529 Medio
1380 2503 1457 2528 Evo:
1478 2504 1514 2528 cf.
1532 2503 1611 2527 Dom.
1632 2503 1731 2527 ansr
1751 2500 1900 2530 Qunam«.
1915 2501 1967 2525 Les

1072 2547 1274 2579 Martirologes
1296 2547 1467 2578 Historiques
1493 2555 1527 2570 au
1553 2546 1648 2578 Moyen
1674 2545 1744 2576 Age,
1771 2544 1862 2574 Paris,
1890 2543 1964 2575 1908,

1072 2597 1119 2623 pp.
1139 2596 1179 2622 53,
1201 2589 1243 2622 63.
1263 2588 1325 2622 360,
1347 2596 1397 2622 434
1416 2597 1431 2614 e
1449 2596 1509 2621 492·
1547 2588 1570 2612 Il
1591 2587 1741 2620 231ug110,
1754 2586 1780 2610 S.
1795 2585 1967 2618 Apollinare
1995 2593 2026 2618 45

1072 2640 1086 2658 e
1106 2633 1127 2657 il
1149 2639 1181 2664 ²4
1201 2633 1260 2664 lug.
1280 2632 1381 2664 vigilia
1402 2631 1433 2656 di
1451 2632 1477 2657 S.
1498 2629 1648 2659 Giaeonm,
1669 2630 1714 2654 nel
1734 2629 1794 2661 lug.
1818 2635 1884 2660 ¹²30
1904 2627 1966 2652 cad-

1072 2675 1140 2699 dero
1169 2674 1199 2699 di
1224 2673 1343 2698 martedi
1370 2682 1384 2698 e
1410 2673 1437 2697 di
1466 2671 1629 2702 mercoledl,
1656 2669 1748 2695 sicch'e
1775 2670 1966 2702 l’irnperatore

1071 2716 1155 2750 giuro
1175 2717 1198 2742 il
1218 2723 1249 2747 23
1270 2716 1331 2748 VII,
1351 2723 1366 2740 e
1386 2715 1564 2740 l’interdetto
1589 2714 1618 2738 fu
1644 2714 1722 2738 tolto
1748 2713 1769 2737 11
1795 2714 1901 2744 giorno
1927 2720 1966 2736 se-

1071 2761 1184 2792 guente.
1222 2750 1243 2784 1⁴³:
1262 2766 1300 2783 un
1320 2760 1461 2790 equivoco
1487 2758 1530 2781 del
1557 2756 1717 2785 ΡΛυιυσοῐ,
1743 2759 1785 2786 op.
1803 2755 1857 2782 cit..
1878 2762 1905 2787 p.
1924 2753 1967 2786 46,

1072 2802 1133 2826 dire
1146 2801 1197 2826 che
1211 2802 1232 2825 il
1246 2802 1426 2833 giuramento
1440 2799 1690 2831 dell’lmperatore,
1704 2804 1752 2829 per
1767 2797 1813 2821 via
1827 2795 1873 2820 del
1885 2798 1968 2820 conte
1997 2801 2029 2826 50

1073 2843 1215 2872 d’Acerra‚
1237 2844 1266 2868 su
1286 2843 1360 2867 fatto
1383 2843 1410 2866 ln
1432 2843 1458 2865 S.
1480 2840 1624 2865 Germano
1645 2840 1665 2863 il
1686 2847 1702 2871 9
1723 2839 1824 2871 inglio.

1160 2884 1171 2901 ⁸
1189 2885 1212 2910 11
1227 2886 1333 2917 giorno
1348 2891 1380 2917 23
1395 2884 1461 2915 egli,
1475 2884 1594 2907 essendo
1608 2883 1790 2915 gravemente
1804 2879 1966 2909 ammalato‚

1073 2935 1130 2952 non
1151 2925 1298 2960 parteclpo
1319 2927 1395 2951 nella
1414 2926 1492 2950 firma
1506 2925 1551 2950 del
1567 2924 1723 2956 privilegio
1737 2925 1781 2948 coi
1797 2923 1921 2955 principi
1936 2923 1965 2946 di

1073 2970 1243 3000 Germanla;
1264 2968 1336 2995 morl
1356 2970 1457 3000 cinque
1475 2969 1570 3002 giomi
1593 2967 1678 3003 dopo,
1699 2965 1732 2991 28
1752 2965 1813 2998 vn,
1833 2973 1860 2991 v.
1880 2973 1906 2998 p.
1925 2973 1966 3002 sg.
