2320 3444
93 239 143 276 [A.
164 239 259 274 1232]
871 231 1150 269 CHRONICA
1861 230 1930 270 179

93 367 216 408 subeat,
233 366 324 410 quod
342 366 430 399 iusto
447 366 571 398 i'udicio
594 366 718 399 meruit
732 365 854 399 illicita
868 366 1112 404 committendo,
1129 370 1163 397 et
1177 377 1241 397 non
1258 365 1465 409 corrigendo
1480 366 1664 398 commissa.
1696 365 1830 398 Eadem
1844 367 1936 408 pena

93 420 260 465 prefectis
282 420 493 464 officialibus
508 420 712 457 imminente,
728 420 761 451 si
773 423 878 463 prece
900 419 956 451 uel
974 420 1101 463 pretio,
1116 424 1177 451 aut
1198 430 1315 452 amore
1337 430 1393 451 seu
1416 420 1537 452 timore
1560 420 1728 463 corrupti,
1747 419 1939 462 delinquen-

20 485 46 513 a}
96 474 180 506 tium
203 477 429 506 mercatorum
451 473 508 505 uel
528 474 698 517 artificum
721 473 860 515 Magne
886 472 991 505 Curie
1006 477 1118 506 nostre
1132 473 1189 505 uel
1210 473 1393 515 regionum
1416 473 1612 505 iustitiarizs
1627 472 1800 505 commissa
1822 472 1936 515 negle-

41 517 49 558 f
94 527 211 559 xerint
231 527 398 559 nuntiare.

24 569 72 616 :5⁴5
185 579 280 611 Idem
304 579 483 623 Augustus
496 579 517 612 ¹.
563 580 775 612 Mercatores
797 579 959 622 quoslibet
979 579 1105 622 Regni
1126 580 1243 618 nostri,
1266 579 1324 611 sub
1347 580 1468 611 eisdem
1491 580 1692 622 ponderibus
1714 584 1748 611 et
1770 580 1936 612 mensuris
1959 569 2173 617 Dssssssss‘ffr‘ffs'lum

96 633 235 676 magnis
259 632 316 665 uel
327 633 486 671 minimis,
503 637 536 665 et
550 633 609 665 sub
625 633 746 665 eisdem
762 633 888 671 cannis,
905 643 987 675 quas
1002 633 1090 675 ipsis
1108 632 1215 664 Curia
1231 637 1348 665 nostra
1364 633 1509 671 dederit,
1525 633 1669 666 uendere
1684 634 1829 665 uolemus
1851 643 1938 665 mer-

23 680 44 723 ἷζζῑ
96 696 151 719 ces
164 696 257 727 suas,·
279 686 329 718 ita
351 691 473 726 tamen,
497 691 535 719 ut
556 697 597 718 ex
618 687 783 718 mensuris
806 685 989 718 maioribus
1004 686 1040 717 in
1063 686 1148 725 iure,
1165 687 1255 729 quod
1268 697 1311 717 ex
1327 686 1374 717 eis
1392 686 1496 718 Curie
1517 691 1629 719 nostre
1644 687 1701 719 uel
1720 687 1854 719 cuilibet
1875 686 1942 719 loci

41 732 45 735 ⁵
97 739 231 772 domino
261 739 456 777 debebatur,
485 740 613 772 nullum
643 739 857 771 collatoribus
887 739 1070 782 dampnum
1102 740 1158 771 uel
1186 739 1414 782 preiudicium
1437 740 1613 783 affiratur,
1636 744 1670 772 et
1690 743 1756 783 pro
1780 740 1939 783 portione

93 793 228 836 prioris
251 794 390 825 minoris
413 803 566 825 mensure
588 793 779 835 diligenter
810 796 950 829 attenta,
974 802 1039 823 non
1060 792 1140 835 plus
1169 793 1335 830 soluatur,
1365 792 1435 824 nisi
1460 797 1620 835 quantum
1649 793 1814 836 primitus
1835 793 1940 825 solue-

53 846 74 879 0
97 846 207 878 batur.
231 845 329 878 Illud
349 847 449 878 etiam
471 847 624 890 presenti
641 845 872 878 constitutioni
893 850 1005 878 nostre
1028 846 1275 888 coniungimus,
1298 850 1337 877 ut
1358 846 1536 878 uendentes
1556 850 1689 889 pannos
1711 847 1747 878 in
1766 850 1941 890 posterum

96 900 189 944 ipsos
210 899 305 932 ultra
328 911 392 932 non
414 899 624 938 abstrahant,
649 900 717 931 nisi
737 903 897 942 quantum
921 904 954 931 et
979 903 1143 941 quatenus
1158 910 1266 932 canna
1290 899 1517 942 protenditur,
1541 904 1591 932 set
1612 901 1684 932 sine
1706 900 1938 932 abstractionis

15 949 35 990 ,1¹²
97 953 213 996 aliqua
235 953 405 991 uiolentia,
427 953 515 986 sicut
535 953 654 986 melius
677 963 751 985 cum
775 956 927 996 emptore
949 954 1128 986 conuenire
1147 956 1322 996 poterunt,
1347 952 1439 985 nulla
1456 953 1526 985 alia
1539 954 1674 996 fraude
1697 954 1753 986 uel
1772 954 1942 986 machina-

40 1001 46 1004 *
99 1007 189 1039 tione
210 1007 373 1045 adhibita,
395 1009 525 1050 pannos
545 1007 639 1050 ipsos
661 1007 808 1039 uendere
828 1007 1071 1049 procurabunt.

18 1099 31 1106 Η
188 1060 284 1092 Idem
307 1064 477 1102 augustus
489 1059 511 1091 ².
556 1059 616 1092 Ad
635 1059 796 1102 legitima
827 1061 982 1103 pondera
1005 1063 1039 1091 et
1068 1069 1241 1092 mensuras
1263 1070 1391 1092 merces
1421 1060 1583 1103 quaslibet
1612 1061 1758 1093 uendere
1788 1061 1941 1092 uolumus
1963 1070 2000 1090 De
2014 1070 2099 1092 eoam.

21 1112 75 1146 5
99 1113 301 1146 uenditores.
347 1112 558 1156 ⁵Quicumque
580 1117 692 1145 autem
706 1113 906 1156 salsitatem
930 1118 964 1146 et
976 1114 1147 1158 fraudem
1169 1113 1271 1145 aliam
1287 1113 1324 1145 in
1346 1114 1513 1146 mensuris
1535 1118 1635 1156 atque
1657 1114 1864 1157 ponderibus
1886 1114 1942 1146 uel

98 1168 214 1199 cannis
236 1166 391 1198 inuentus
405 1167 523 1205 fuerit
544 1166 753 1208 commisisse,
778 1171 838 1198 aut
852 1168 913 1210 qui
926 1170 1056 1210 pannos
1072 1167 1292 1205 abstraxerit,
1309 1177 1408 1199 unam
1423 1166 1547 1199 libram
1564 1167 1645 1199 auri
1666 1167 1847 1210 purissimi
1859 1167 1944 1208 fisco

99 1225 214 1252 nostro
235 1222 429 1263 componat:
453 1230 554 1263 quam
577 1220 609 1252 si
623 1220 706 1252 dare
721 1231 787 1252 non
802 1222 940 1263 poterit,
957 1220 1221 1264 condempnatus
1243 1231 1318 1252 cum
1331 1221 1484 1263 pondere
1499 1231 1557 1252 seu
1581 1230 1738 1252 mensura
1753 1221 1802 1252 ad
1822 1220 1941 1252 collum

100 1274 172 1306 eius
187 1273 351 1317 appensis
365 1273 401 1305 in
416 1274 472 1306 sui
483 1277 607 1317 penam
623 1273 833 1317 altorumque
849 1274 1037 1318 exemplum
1053 1276 1120 1317 per
1135 1278 1275 1312 terram,
1291 1274 1327 1306 in
1343 1284 1410 1316 qua
1416 1273 1587 1318 fraudem
1602 1274 1775 1311 commisit,
1789 1273 1944 1317 pubblice

90 1327 303 1371 fustigetur,
326 1337 428 1359 manu
444 1327 478 1359 ei
489 1327 522 1359 si
541 1328 679 1359 secundo
702 1327 929 1370 deprehensus
942 1325 1062 1370 fuerit
1083 1328 1308 1371 amputanda3
1334 1332 1366 1359 et
1387 1328 1420 1359 si
1440 1328 1542 1359 tertio
1567 1327 1709 1360 iterauit
1725 1330 1943 1370 perpetrata,

63 1386 71 1409 Ι
101 1381 215 1425 ipsum
238 1381 401 1425 suspendi
421 1380 579 1414 iubemus,

187 1433 284 1466 Idem
309 1433 487 1476 Augustus
498 1432 521 1465 ³.
567 1433 698 1466 Penam
721 1438 841 1466 contra
863 1437 1068 1467 mercatores
1098 1437 1281 1477 corruptas
1310 1444 1438 1466 merces
1468 1434 1649 1466 uendentes
1672 1437 1706 1465 et
1729 1433 1862 1475 uetitas,
1886 1443 1943 1465 seu
1967 1442 2003 1462 oe
2017 1442 2093 1462 eoam

99 1487 148 1520 ad
157 1486 275 1532 salsas
297 1498 471 1520 mensuras
494 1492 527 1519 et
548 1498 674 1520 cannas
697 1492 731 1519 et
752 1487 908 1531 pondera
933 1487 1159 1520 distrahentes
1189 1486 1315 1519 nostris
1342 1486 1630 1519 constitutionibus
1663 1487 1887 1530 prestitutas'
1909 1487 1945 1518 in
2034 1497 2053 1512 c.
2067 1498 2118 1516 34⁷¹

98 1542 303 1586 peregrinis
317 1541 468 1585 deceptis
483 1541 524 1573 ab
540 1541 588 1574 eis
603 1541 753 1574 uolumus
768 1541 944 1585 duplicari
949 1553 962 1584 ,·
976 1540 1203 1585 defensionem
1219 1542 1342 1574 etenim
1365 1546 1398 1573 et
1412 1541 1588 1573 scientiam
1604 1545 1755 1573 nostram
1771 1541 1945 1573 succedere

16 1597 46 1633 21*
101 1595 252 1628 uolumus
274 1595 343 1627 loco
366 1595 608 1627 imbecillitatis
631 1599 664 1627 et
685 1595 886 1638 ignorantie
908 1595 1152 1638 predictorum.

58 1646 61 1648 ’
190 1649 246 1682 De
268 1649 405 1682 medicis
429 1653 462 1681 et
484 1649 661 1681 medicinis
675 1649 702 1681 ⁴:
731 1649 888 1682 Utilitati
899 1649 1046 1693 speciali
1056 1649 1287 1693 prospicimus
1309 1660 1383 1682 cum
1399 1651 1567 1682 communi
1579 1649 1683 1681 saluti
1692 1649 1847 1692 fidelium
1862 1652 1945 1692 pro·
1967 1658 2018 1683 lpse
2032 1658 2161 1682 Augustus.

50 1744 52 1747 ι
101 1703 262 1736 uidemus.
309 1703 525 1735 Attendentes
547 1703 661 1746 igitur
681 1713 797 1746 graue
820 1700 1036 1747 dispendium
1060 1707 1095 1735 et
1117 1703 1348 1746 irreparabile
1370 1704 1566 1746 dampnum,
1578 1703 1668 1746 quod
1687 1706 1801 1746 posset
1822 1703 1950 1735 contin-

52 1749 54 1752 *
98 1766 191 1799 gere
212 1767 253 1789 ex
275 1755 452 1800 imperitia
475 1756 689 1795 medicorum,
705 1755 854 1788 iubemus
876 1757 912 1788 in
926 1759 1097 1799 posterum
1113 1756 1237 1789 nullum
1261 1756 1383 1789 medici
1396 1756 1530 1789 titulum
1555 1757 1808 1799 pretendentem
1824 1756 1950 1788 audere

49 1802 53 1844 ’,
101 1810 280 1854 praticari
298 1809 401 1842 aliter
423 1809 479 1841 uel
499 1810 630 1842 mederi
649 1809 717 1842 nisi
737 1808 876 1842 Salerni
895 1810 1009 1853 primo
1032 1809 1068 1842 in
1091 1814 1257 1842 conuentu
1283 1810 1416 1853 publico
1440 1810 1690 1851 Magistrorum
1715 1810 1839 1842 audicio
1861 1819 1948 1841 com-

102 1863 265 1906 probatus
288 1864 329 1895 de
349 1863 417 1904 fide
439 1867 474 1895 et
486 1860 679 1905 sufficienti
690 1863 831 1895 scientia
843 1873 917 1895 cum
933 1862 1211 1895 testimonialibus
1225 1873 1338 1896 eorum
1355 1864 1478 1895 litteris
1495 1867 1564 1895 tam
1576 1863 1833 1905 Magistrorum
1849 1873 1950 1906 quam

58 1923 74 1944 ·Ι
103 1917 340 1950 ordinatorum
356 1921 558 1956 nostrorum,
573 1917 620 1948 ad
631 1917 841 1960 presentiam
858 1921 1008 1949 nostram
1024 1917 1080 1949 uel
1092 1917 1234 1949 alterius
1250 1917 1312 1960 qui
1324 1918 1416 1949 nobis
1431 1928 1452 1948 a
1467 1916 1597 1959 Regno
1614 1917 1802 1949 absentibus
1817 1917 1852 1949 in
1875 1916 1946 1949 Re-

37 1964 40 1969 *
101 1981 176 2014 gno
190 1970 395 2003 remanserit
417 1970 490 2002 uice
512 1974 640 2008 nostra,
656 1970 832 2002 ordinatus
847 1970 1016 2011 accedens,
1041 1981 1062 2002 a
1077 1971 1170 2003 nobis
1185 1971 1241 2003 uel
1252 1971 1294 2003 ab
1309 1981 1346 2003 eo
1362 1970 1518 2002 medendi
1530 1970 1700 2003 licentiam
1715 1974 1948 2013 consequatur,

104 2026 196 2068 pena
219 2023 376 2056 bonorum
398 2034 533 2056 suorum
557 2028 591 2056 et
611 2023 744 2056 annalis
758 2024 910 2056 carceris
924 2024 1116 2056 imminente
1138 2024 1213 2066 hiis,
1231 2024 1292 2067 qui
1310 2028 1429 2056 contra
1452 2028 1566 2056 nostre
1587 2024 1780 2056 serenitatis
1804 2023 1950 2055 edictum

107 2077 184 2110 ausi
193 2075 339 2121 fuerint
360 2077 395 2109 in
418 2080 591 2120 posterum
612 2077 797 2120 praticari.

194 2130 238 2162 In
261 2135 357 2163 terra
380 2130 527 2173 qualibet
538 2130 550 2148 ⁵
572 2129 700 2174 Regni
718 2135 831 2163 nostre
846 2131 976 2163 dicioni
987 2132 1133 2164 subiecta
1149 2132 1229 2164 duos
1245 2132 1503 2174 circumspectos
1525 2134 1558 2162 et
1570 2131 1637 2172 fide
1653 2130 1781 2173 dignos
1803 2131 1953 2163 uolumus

14 2175 20 2222 ζ
52 2178 85 2216 ”5
107 2184 275 2226 ordinari,
300 2189 334 2216 ct
355 2184 532 2227 corporali
553 2184 593 2215 ab
615 2184 663 2216 eis
685 2185 831 2228 prestito
861 2190 1073 2217 sacramento
1100 2186 1219 2224 teneri,
1243 2195 1382 2228 quorum
1413 2185 1548 2216 nomina
1571 2185 1618 2216 ad
1642 2184 1779 2216 Curiam
1802 2189 1950 2216 nostram

44 2232 47 2239 ’
110 2238 296 2276 mittentur,
320 2237 379 2269 sub
396 2248 537 2280 quorum
561 2237 794 2277 testificatione
818 2237 1003 2270 electuaria
1024 2239 1183 2283 sciroppi
1195 2243 1228 2270 et
1251 2239 1416 2270 medicine
1431 2238 1598 2281 legaliter
1608 2238 1712 2281 fiant,
1730 2242 1764 2270 et
1784 2238 1833 2270 sic
1850 2239 1951 2281 sacta

109 2291 320 2332 uendantur5
343 2286 484 2323 Salerni
502 2291 647 2323 maxime
667 2294 736 2334 per
752 2292 948 2334 Magistros
970 2293 1006 2324 in
1028 2292 1161 2336 phisica
1176 2292 1236 2325 lzec
1259 2293 1408 2324 uolumus
1423 2291 1627 2335 approbari.
1673 2291 1836 2324 Presenti
1855 2291 1956 2323 etiam

112 2344 193 2388 lege
214 2344 402 2381 statuimus,
425 2348 463 2375 ut
485 2344 594 2376 nullus
609 2345 645 2376 in
661 2345 827 2377 medicina
849 2345 905 2377 uel
917 2347 953 2377 in
968 2346 1136 2389 cyrurgia
1159 2346 1228 2378 nisi
1247 2348 1336 2389 aput
1350 2344 1528 2377 Salernum
1551 2349 1661 2388 regat
1681 2345 1718 2376 in
1734 2344 1874 2387 Regno,
1897 2355 1956 2376 nec

17 2437 18 2440 Ἴ
111 2398 292 2441 Magistri
310 2407 428 2430 nomen
450 2401 608 2435 assumat,
630 2398 698 2430 nisi
711 2397 900 2441 diligenter
917 2399 1131 2431 examinatus
1145 2399 1181 2431 in
1193 2399 1370 2443 presentia
1382 2399 1532 2440 fidelium
1548 2402 1581 2430 et
1596 2398 1853 2440 Magistrorum
1869 2398 1956 2429 artis

37 2480 50 2503 ὓ,
68 2451 91 2483 0
113 2451 268 2484 eiusdem.
317 2450 534 2494 Conficientes
555 2451 657 2483 etiam
680 2452 873 2494 medicinas,
896 2457 1107 2485 sacramento
1132 2452 1362 2496 corporaliter
1384 2453 1529 2496 prestito
1558 2452 1710 2484 uolumus
1734 2451 1895 2494 obligari,
1919 2455 1957 2482 ut

14 2059 43 2091 3³>

16 2085 46 2115 ἶ.-

206 2592 228 2611 1.
246 2587 333 2611 toties
352 2587 458 2611 illicita
477 2586 667 2619 perpetrando
689 2587 777 2612 Const.
797 2600 829 2605 —
849 2593 873 2611 2.
894 2587 1014 2619 prefatis
1027 2587 1199 2613 officialibus
1214 2589 1305 2614 Const.
1319 2601 1351 2607 —
1366 2595 1417 2620 2-3·
1430 2595 1526 2612 amore
1540 2587 1768 2618 delinquentium
1782 2600 1814 2604 —
1829 2590 1853 2617 7.
1867 2585 1958 2609 cuius—

119 2628 191 2653 libet
208 2636 258 2653 non
276 2629 397 2654 cuilibet
417 2631 505 2655 Const.
525 2643 558 2646 —
578 2627 602 2654 8.
622 2629 670 2653 sed
689 2637 738 2653 non
757 2631 786 2653 et
806 2630 894 2655 Const.
916 2643 946 2648 —
969 2637 1010 2655 ιι.
1028 2630 1192 2655 distrahant
1211 2638 1259 2655 non
1278 2631 1447 2655 abstrahant
1469 2631 1558 2656 Const.
1577 2643 1610 2647 --
1633 2636 1672 2653 12.
1693 2629 1820 2661 poterint
1840 2637 1889 2653 non
1909 2635 1958 2661 po-

118 2672 214 2695 terunt
233 2683 267 2689 —
282 2670 323 2696 16.
340 2672 521 2697 extraxerint
539 2680 588 2696 non
608 2672 801 2696 abstraxerint
822 2672 910 2697 Coust.
930 2686 962 2690 —
985 2671 1025 2697 18.
1043 2674 1221 2698 commiserit
1240 2681 1289 2698 non
1307 2673 1452 2697 commisit
1474 2673 1561 2697 Const.
1583 2685 1615 2689 —
1637 2678 1676 2703 19.
1690 2672 1850 2704 perpetrata
1865 2678 1958 2695 manca

119 2713 207 2738 Const.
228 2727 259 2731 —-
279 2712 321 2738 28.
340 2714 451 2739 Salerni
469 2715 603 2748 primitus
627 2713 712 2739 Const.
734 2727 765 2731 —
786 2713 873 2746 28-29.
892 2715 1093 2747 comprobatus
1112 2723 1175 2739 cum
1194 2715 1438 2740 testimonialibus
1458 2715 1491 2739 de
1509 2714 1562 2738 fide
1575 2715 1603 2738 et
1615 2714 1762 2738 sufficiunt
1775 2713 1958 2737 scientia....

120 2757 207 2781 Const.
227 2755 324 2780 Pzn‘rz
343 2765 357 2781 e
374 2755 471 2782 GAuo.
491 2770 524 2774 —
542 2763 585 2789 30.
606 2756 806 2781 ordinatorum
825 2759 952 2782 nostram
974 2758 1018 2782 vel
1037 2758 1227 2783 alterius....
1247 2757 1343 2782 GAun.
1363 2770 1395 2775 —
1415 2763 1457 2789 32.
1478 2764 1550 2789 pena
1569 2756 1776 2788 publicationis
1797 2757 1958 2779 nostrorum

120 2799 208 2824 Const.
222 2812 230 2816 -
245 2800 345 2823 contra
363 2799 526 2824 huiusmodi
548 2801 645 2824 nostre
667 2799 755 2823 Const.
776 2813 806 2817 --
828 2806 870 2832 34.
889 2799 982 2832 Regni
1001 2802 1099 2825 nostre
1117 2800 1317 2825 iurisdietioni
1340 2800 1428 2825 Const.
1448 2813 1478 2816 —
1499 2798 1543 2830 36.
1562 2798 1690 2831 sciroppi
1709 2797 1806 2822 etalio
1820 2797 1959 2822 medicine

122 2841 210 2866 Consi
231 2854 263 2859 —-
283 2839 326 2873 38.
345 2843 414 2874 aput
432 2841 580 2866 Salernum
602 2841 645 2866 vel
665 2840 816 2873 Neapolim
836 2841 912 2874 legat
931 2842 962 2866 in
981 2841 1082 2875 Regno
1105 2843 1193 2867 Const.

207 2940 216 2958 ¹
238 2943 334 2972 Conse..
352 2942 415 2968 Lib.
435 2943 484 2972 111.
503 2943 550 2968 tlt.
570 2949 594 2968 x..
1150 2941 1160 2958 ⁴
1181 2945 1262 2973 Idem,
1281 2943 1344 2969 Lib.
1364 2943 1413 2973 ΙΙΙ,
1432 2943 1479 2967 tlt.
1499 2949 1563 2971 va,
1583 2942 1632 2966 che
1653 2948 1736 2974 segue
1750 2941 1873 2966 l’Assisa
1887 2947 1957 2966 xmv

207 2983 219 3001 ²
239 2986 320 3016 Idem,
339 2985 402 3010 Lib.
420 2985 469 3015 111,
489 2986 535 3011 tlt.
554 2992 592 3011 m.
1064 2986 1092 3011 dl
1115 2994 1145 3011 re
1166 2987 1325 3019 RuggIero.

205 3025 217 3041 ³
239 3028 318 3059 Idem,
339 3027 402 3053 Lib.
422 3027 470 3057 111,
489 3029 535 3053 tit.
557 3034 608 3052 Lu.
1152 3028 1163 3044 ⁵
1185 3030 1265 3060 Idem,
1284 3028 1347 3053 Lib.
1367 3028 1416 3057 111,
1436 3029 1483 3053 tit.
1504 3033 1608 3052 vanx.
