2320 3444
143 211 226 248 [ΛΑ.
247 211 443 247 iaso-12:111
920 203 1208 241 CHRONICA

142 336 240 376 infra
262 349 406 371 mensem
428 338 640 382 responsuri,
656 338 748 370 nobis
763 338 806 370 de
828 341 1021 381 contemptu
1043 338 1275 381 personaliter
1299 337 1347 369 ad
1365 336 1477 369 sedem
1493 336 1715 379 apostolicam
1738 336 1900 368 accedere
1923 345 1988 367 non

139 394 359 436 postponant,
383 392 545 424 attentius
568 395 797 435 precauentes,
820 402 862 423 ne
883 392 920 423 in
941 391 1116 423 commisso
1138 390 1231 422 nobis
1254 390 1402 434 negotio,
1419 401 1483 433 que
1497 394 1575 422 sunt
1589 394 1714 431 uestra,
1739 399 1803 421 non
1826 399 1890 432 que
1906 388 1986 420 Iesu

144 444 284 484 Christi,
307 446 470 488 queratis,
500 445 534 477 si
560 445 745 488 proprium
775 444 877 476 uultis
904 444 1092 487 periculum
1123 444 1263 476 euitare.
1311 443 1468 476 Ceterum
1499 453 1559 475 uos
1588 442 1843 486 archiepiscopi
1868 446 1990 474 contra

141 498 295 542 prelatos
319 504 432 531 uestre
455 499 643 542 provincie,
667 503 701 530 et
722 498 806 530 alios
829 498 890 540 qui
909 502 989 529 sunt
1010 497 1232 540 insectiuitio
1253 499 1408 540 symonie,
1432 507 1506 529 cum
1522 496 1608 529 tales
1622 496 1789 529 Dominus
1804 496 1905 539 facto
1918 495 1989 540 fla-

99 550 118 584 5
139 551 239 595 gello
260 552 301 584 de
323 552 494 585 resticuh‘s
516 553 558 584 de
581 552 706 595 templo
740 551 876 583 eiecisse
907 551 1059 594 legatur,
1083 561 1123 582 ac
1154 561 1208 582 eos
1229 551 1291 593 qui
1318 551 1586 582 ultramontanos
1608 550 1680 582 sine
1707 550 1989 582 commendaticiis

138 605 269 641 litteris
291 606 530 648 episcoporum
553 615 689 637 suorum
712 605 790 636 ausi
807 608 885 636 sunt
907 604 955 635 ad
973 604 1110 636 ordines
1132 607 1346 647 promouere,
1363 615 1402 636 ac
1425 615 1478 635 eos
1494 605 1555 646 qui
1567 604 1727 636 dicuntur
1749 603 1989 635 incontinentie

141 658 225 690 uitio
248 659 418 698 laborare,
441 659 625 702 inquiratis
646 658 785 690 sollicite
800 658 997 689 ueritatem:
1021 661 1055 688 et
1070 657 1162 699 quod
1181 657 1390 695 inueneritis,
1414 657 1508 689 nobis
1524 656 1622 700 infra
1636 657 1832 700 predictum
1848 659 1981 700 tempus

143 712 332 744 rescribere
347 713 550 755 procuretis,
574 715 612 743 ut
627 714 693 755 per
715 715 864 743 uestram
887 710 1086 742 relationem
1102 710 1262 743 instructi
1283 711 1517 754 procedamus,
1531 713 1640 753 prout
1665 710 1854 742 uiderimus
1877 713 1983 753 expe-

139 765 225 797 dire.
271 765 402 798 Datum
425 764 593 808 Anagnie
614 775 647 796 v.
670 762 869 796 Kalendas¹
896 763 1112 805 Novembris,
1136 764 1353 807 pontificatus
1369 764 1483 796 nostri
1501 774 1591 795 anno
1615 762 1711 796 iiii⁰.'

30 894 32 896 ·
77 871 118 903 10
229 872 352 905 Mense
376 870 582 904 Decembris
604 871 796 913 Imperator
818 877 902 912 aput
925 870 1109 902 Preeinam
1134 870 1249 902 natale
1273 869 1413 902 Domini
1437 869 1603 902 celebrat.

229 976 507 1011 M⁰CC⁰XXX1⁰.
531 975 654 1009 Mense
679 976 830 1009 Ianuarii
852 986 932 1007 suas
947 975 1141 1018 Imperator
1157 975 1291 1009 litteras
1314 976 1420 1008 mittit
1444 976 1489 1008 ad
1512 975 1728 1018 Stephanum
1753 978 1797 1010 de
1823 977 1986 1022 Anglone

143 1030 255 1063 Terre
277 1030 424 1063 Laboris
441 1029 661 1062 iustitiarium
676 1028 700 1069 ²,
722 1035 760 1061 ut
783 1029 973 1072 diligenter
989 1029 1141 1072 inquirat
1163 1029 1208 1061 de
1232 1029 1410 1070 promissis
1438 1029 1611 1071 imperiali
1636 1030 1732 1062 curie
1756 1030 1871 1069 factis,
1895 1037 1930 1063 et
1953 1031 1983 1062 si

140 1094 210 1127 qua
232 1090 310 1127 post
333 1084 650 1117 transfretationem
674 1093 771 1116 suam
794 1083 891 1116 facta
914 1088 994 1116 sunt
1017 1083 1281 1115 concessionum
1312 1082 1501 1126 priuilegia
1525 1093 1588 1125 per
1611 1083 1833 1127 Raynaldum
1858 1085 1984 1116 ducem

142 1137 288 1180 Spoleti,
311 1137 385 1170 siue
408 1147 470 1169 suo
494 1137 566 1170 siue
588 1137 699 1179 ipsius
723 1136 823 1169 ducis
845 1136 961 1180 sigillo
985 1137 1131 1179 signata,
1148 1135 1318 1179 aliquibus
1333 1135 1501 1178 personis,
1518 1147 1559 1168 ea
1576 1137 1747 1178 imperiali
1764 1137 1858 1170 curie
1874 1148 1983 1180 usque

82 1189 119 1223 15
142 1191 188 1223 ad
203 1191 331 1224 festum
354 1190 607 1234 purificationis
622 1191 724 1223 beate
747 1189 905 1233 Uirginis
928 1190 1102 1233 precipiat
1125 1190 1317 1232 presentari
1332 1189 1355 1227 ³3
1379 1190 1535 1232 alioquin
1559 1199 1601 1222 ex
1626 1196 1710 1222 tunc
1734 1190 1769 1221 in
1793 1197 1895 1223 antea
1910 1192 1988 1223 nul-

138 1243 207 1276 lam
230 1244 383 1278 habeant
404 1245 612 1277 firmitatem.
658 1244 838 1286 Precipiat
861 1244 966 1276 etiam
990 1243 1148 1277 omnibus
1171 1243 1450 1283 Rauellensibus‚
1474 1250 1512 1276 ut
1535 1254 1660 1276 uxores
1684 1250 1718 1276 et
1741 1244 1895 1277 familias
1911 1256 1989 1278 suas

138 1307 248 1341 usque
272 1298 318 1330 ad
342 1298 468 1330 festum
492 1297 738 1340 pentecostes⁴
763 1296 942 1330 remittant
964 1296 1151 1330 Rauellum
1167 1296 1232 1329 sub
1247 1307 1337 1338 pena
1360 1307 1588 1339 personarum
1606 1302 1640 1329 et
1657 1307 1783 1330 rerum.
1829 1297 1990 1331 Inhibeat

137 1351 242 1383 etiam
266 1350 425 1383 omnibus
448 1351 529 1388 illis,
553 1351 679 1394 quibus
701 1350 844 1383 licentia
867 1351 948 1383 data
972 1350 1038 1383 fuit
1061 1349 1252 1383 edificandi
1284 1350 1472 1383 occasione
1497 1355 1571 1383 orte
1604 1350 1780 1383 discordie
1811 1351 1904 1383 inter
1926 1352 1990 1383 im-

137 1403 271 1446 perium
294 1410 330 1437 et
353 1404 539 1437 ecclesiam
570 1404 634 1437 sub
665 1415 755 1447 pena
778 1403 951 1446 predicta,
975 1415 1019 1436 ne
1042 1403 1079 1435 in
1109 1403 1211 1436 terris
1242 1409 1300 1436 aut
1329 1403 1454 1436 castris
1481 1404 1551 1436 suis
1583 1404 1746 1436 edificare
1777 1412 1987 1447 presumant.

18 1483 22 1494 ,
74 1458 118 1489 20
139 1457 225 1489 Item
250 1457 392 1491 mandat
414 1457 627 1501 generaliter
650 1457 830 1495 uniuersis,
855 1457 914 1500 qui
930 1457 974 1489 de
990 1457 1107 1489 feudis
1130 1456 1262 1489 seruire
1286 1462 1460 1496 tenentur,
1484 1462 1553 1488 tam
1569 1456 1711 1499 prelatis
1735 1467 1838 1500 quam
1862 1458 1990 1491 ceteris

137 1510 224 1550 aliis,
248 1517 286 1544 ut
308 1522 374 1544 ana
398 1511 522 1543 decem
547 1511 655 1544 feuda
678 1511 873 1549 conferant,
897 1510 942 1543 de
965 1510 1090 1554 quibus
1113 1521 1241 1548 comes,
1264 1511 1321 1543 uel
1346 1510 1442 1549 baro,
1466 1511 1523 1553 qui
1556 1511 1678 1543 decem
1702 1511 1820 1543 feudis
1850 1512 1989 1554 preerit,

143 1570 178 1597 et
200 1564 357 1606 pluribus
379 1565 505 1597 melior
528 1574 594 1597 nec
610 1575 679 1598 non
695 1564 799 1597 ditior
822 1564 882 1607 qui
897 1564 989 1596 inter
1004 1564 1196 1607 participes
1218 1570 1253 1596 et
1277 1574 1496 1606 possessores
1519 1564 1727 1602 inuenietur,
1752 1564 1834 1607 eligi
1851 1565 1989 1605 debeat,

140 1623 175 1650 et
197 1618 308 1650 taxari
331 1623 366 1651 et
390 1618 570 1661 preparari
593 1629 629 1650 se
653 1617 781 1650 debeat
803 1618 840 1650 in
865 1616 1001 1651 duobus
1024 1618 1134 1661 equis,
1158 1617 1306 1650 somerio
1331 1628 1400 1650 uno
1423 1623 1458 1649 et
1483 1617 1596 1656 armis,
1621 1628 1663 1650 ac
1689 1619 1813 1650 ceteris
1844 1628 1989 1661 propor-

9 1707 11 1709 .
143 1671 332 1710 tionaliter‚
364 1678 398 1704 et
429 1671 559 1704 habeat
586 1682 650 1713 pro
684 1671 833 1704 corredo
867 1670 967 1703 unius
990 1671 1072 1703 anni
1106 1671 1226 1703 uncias
1250 1681 1282 1704 L.
1314 1671 1448 1713 prefixo
1473 1671 1620 1703 termino
1656 1671 1802 1712 proximi
1837 1673 1990 1715 passagii

9 1714 25 1750 3?
75 1723 117 1758 25
141 1725 269 1759 mensis
290 1725 409 1758 Martii
425 1725 462 1757 in
478 1732 581 1769 portu
598 1724 783 1758 Brundusii
800 1719 1067 1767 presentandus,
1083 1731 1121 1758 ut
1135 1725 1180 1758 ab
1195 1725 1278 1758 inde
1302 1725 1492 1757 secundum
1517 1735 1613 1758 suam
1637 1724 1901 1767 dispositionem
1926 1727 1987 1759 de-

75 1995 117 2027 30

74 2260 116 2295 35

83 2834 116 2853 10

143 1778 223 1812 beat
245 1780 485 1812 transfretare.

234 1833 322 1866 Item
345 1834 392 1866 ad
414 1833 668 1876 inquirendum,
690 1833 719 1865 si
745 1833 803 1876 qui
827 1832 957 1865 fuerint
972 1843 994 1864 a
1011 1832 1124 1865 talleis
1137 1831 1148 1850 ⁶
1174 1839 1209 1865 et
1231 1832 1391 1866 collectis
1407 1832 1570 1875 exempti,
1587 1832 1662 1865 siue
1686 1833 1851 1876 potentia,
1868 1844 1987 1875 prece,

144 1886 272 1929 pretio,
287 1897 417 1926 amore,
433 1887 491 1919 uel
507 1887 631 1919 timore
648 1886 862 1929 cuiusquam,
880 1886 983 1919 mittit
998 1886 1151 1919 iudicem
1167 1886 1383 1930 Roggerium
1401 1887 1444 1918 de
1461 1885 1593 1920 Asculo
1610 1893 1646 1919 et
1661 1887 1686 1919 I.
1711 1888 1983 1920 comestabulum

141 1938 285 1973 Corneti
307 1946 347 1973 ut
369 1940 542 1973 uniuersis
564 1946 600 1973 et
622 1939 768 1983 singulis
790 1940 1029 1983 predictorum
1053 1940 1239 1973 collectam
1262 1940 1453 1982 imponant.

228 1993 351 2027 Mense
374 1993 558 2026 Februarii
581 1993 774 2036 Imperator
797 2003 918 2026 uersus
941 1993 1132 2026 Tarentum
1157 1999 1333 2036 properat,
1356 1993 1415 2026 ubi
1439 1993 1595 2036 disponit
1619 1994 1749 2027 curiam
1776 2005 1899 2038 regere
1931 2005 1990 2038 ge-

141 2047 296 2080 neralem
309 2047 333 2080 ⁰.

228 2101 363 2134 Eodem
386 2110 504 2134 mense
535 2101 691 2133 nonnulli
721 2101 970 2134 Paterenorum
993 2101 1031 2133 in
1053 2101 1150 2134 Urbe
1172 2101 1305 2133 inuenti
1329 2107 1416 2139 sunt,
1441 2112 1587 2144 quorum
1611 2101 1670 2133 alii
1695 2107 1774 2134 sunt
1804 2101 1884 2144 igne
1917 2112 1991 2134 cre-

140 2154 233 2192 mati,
256 2164 335 2187 cum
350 2154 633 2187 inconuertibiles
657 2160 782 2193 essent,
806 2154 875 2193 alii,
891 2153 1005 2187 donec
1028 2155 1217 2197 peniteant,
1234 2160 1313 2187 sunt
1334 2155 1381 2187 ad
1405 2155 1629 2188 Casinensem
1654 2155 1839 2188 ecclesiam
1855 2161 1891 2188 et
1906 2161 1990 2198 aput

141 2208 256 2241 Canas
279 2208 404 2241 directi
418 2209 441 2240 ⁷.

227 2261 421 2303 Imperator
443 2271 508 2303 pro
531 2260 710 2303 capiendis
733 2260 915 2295 Paterenis
937 2267 1021 2304 aput
1045 2261 1242 2308 Neapolym
1265 2262 1372 2295 mittit
1395 2262 1570 2305 Reginum
1594 2262 1897 2305 archiepiscopum
1910 2261 1932 2301 ⁸,
1956 2269 1991 2296 et

231 2399 274 2418 21.
294 2400 351 2417 uns
369 2392 463 2417 decem
483 2391 559 2417 Uen.
578 2401 592 2417 e
610 2392 674 2418 Dar„
693 2392 737 2417 Rs
756 2406 790 2411 —
809 2399 850 2426 ²3·
871 2394 996 2418 somario
1019 2393 1094 2418 Uen.
1122 2407 1154 2411 —
1181 2392 1223 2418 28.
1248 2395 1385 2426 cuiusque
1409 2393 1486 2419 Uen.
1508 2402 1521 2418 e
1547 2394 1612 2418 Dm.
1638 2393 1684 2418 Rs
1709 2407 1742 2411 —
1767 2399 1811 2425 35.
1836 2394 1988 2427 Neapolim

143 2435 230 2466 Ucia,
250 2435 313 2460 Dm.
331 2433 375 2459 Ra
394 2443 408 2459 e
426 2434 524 2460 Pau-z

229 2531 239 2549 ²
258 2533 426 2563 Pon-mer.
457 2541 485 2559 n.
509 2532 593 2565 86443
617 2534 752 2563 Bonum.
779 2542 807 2559 n.
831 2533 916 2568 6827:
943 2534 977 2559 28
1002 2534 1037 2565 X,

143 2581 220 2608 1230.

228 2616 240 2634 ²
259 2616 369 2647 Questo
388 2617 510 2643 Stesano
530 2618 564 2642 de
583 2618 697 2650 Aglone
716 2625 734 2643 ο
752 2617 888 2651 Anglone
906 2618 990 2652 (Agri
1006 2621 1035 2643 in

141 2658 308 2691 Basllleata)
328 2659 374 2684 nel
397 2665 460 2691 124¹
482 2659 511 2684 lo
530 2659 676 2684 trovlamo
693 2660 862 2692 glustlzlere
881 2661 911 2685 ln
925 2661 1035 2686 Abruz-

141 2707 184 2726 zo.
222 2702 358 2733 Bonum,
377 2707 455 2735 3177,
477 2701 519 2733 89.

229 2743 241 2761 ³
259 2742 300 2768 La
318 2744 525 2769 Puriticazione
544 2744 572 2768 di
594 2744 686 2768 Maria
706 2744 812 2769 rlcorre
831 2744 880 2769 112
898 2745 1035 2770 febbrslo.

229 2782 239 2799 ⁴
257 2783 298 2810 La
317 2785 485 2810 Pentecoste
506 2786 551 2810 nel
575 2791 639 2817 1231
663 2785 694 2809 fu
712 2785 773 2817 agli
795 2792 823 2810 ιι
844 2786 875 2811 dl
893 2788 1018 2820 maggto.

229 2824 240 2842 ⁵
258 2826 333 2852 FIno
351 2834 368 2852 a
386 2828 555 2860 quest’anno
576 2835 625 2861 per
643 2827 794 2852 l'esnzlone
819 2827 895 2853 della
914 2829 1037 2854 colletta

142 2877 200 2894 non
221 2870 248 2894 vi
271 2869 374 2895 furono
395 2871 547 2904 implegatl
566 2870 701 2903 speciant
721 2870 752 2895 su
771 2872 863 2896 esatta
877 2879 926 2903 per
944 2878 1036 2897 mezo

141 2912 186 2937 del
205 2912 317 2945 giudict
335 2920 351 2937 e
369 2912 415 2938 del
433 2914 529 2938 not-rt
549 2921 563 2938 e
583 2913 760 2938 come-tobim
781 2913 841 2946 regi
861 2914 918 2938 alla
937 2914 1037 2948 dipen-

142 2954 233 2979 denza
251 2954 297 2979 del
316 2955 394 2980 Gran
413 2954 600 2981 Giustlziere.
636 2955 801 2988 Ignoriamo
819 2957 929 2987 quanto
948 2957 974 2982 sl
993 2958 1036 2981 sla

142 2997 270 3022 raccolte
290 2998 320 3021 ln
339 2997 518 3030 quest’anno.
555 2998 636 3023 Oltre
655 2998 682 3023 al
704 3000 775 3023 noto
794 2998 894 3023 lavoro
912 2999 940 3023 dl
955 2998 1036 3024 ΗΛΝς

1092 2535 1207 2565 ΨιιυΑ,
1222 2536 1282 2559 Zur
1293 2535 1444 2560 sizilischen
1465 2535 1679 2567 Gesetaegebung,
1693 2534 1791 2560 Steuer
1804 2535 1859 2559 und
1870 2535 1989 2559 Finanz-

1090 2578 1266 2609 vemaltung
1284 2581 1363 2602 unler
1382 2577 1482 2601 Kaiser
1501 2577 1646 2602 Friedrich
1676 2577 1714 2607 ll,
1739 2577 1795 2600 und
1817 2577 1905 2600 seinen
1929 2585 1988 2601 nor·

1090 2620 1258 2644 mannisclten
1285 2619 1443 2651 Vorfalnraen,
1464 2619 1557 2649 Hane,
1580 2618 1656 2651 1889,
1676 2626 1702 2650 p.
1723 2625 1770 2647 20;
1795 2619 1827 2643 cf.
1854 2618 1888 2643 G.
1914 2618 1988 2643 PAo-

1088 2666 1182 2693 Lucet,
1203 2662 1243 2686 Le
1263 2662 1383 2686 Fir-anu
1402 2670 1415 2685 e
1435 2662 1463 2686 la
1486 2662 1567 2686 Corte
1586 2661 1617 2684 di
1634 2661 1765 2685 Federico
1787 2662 1823 2685 II
1831 2661 1861 2685 di
1874 2661 1988 2690 Svevia,

1089 2704 1229 2732 Palermo,
1252 2710 1327 2736 ¹904·
1349 2712 1375 2736 p.
1395 2703 1429 2727 28
1449 2712 1463 2728 e
1483 2711 1537 2736 sg.;
1553 2703 1656 2727 anv
1672 2703 1767 2732 Cous,
1780 2703 1839 2727 Das
1852 2704 1989 2727 Zeitalter

1089 2747 1139 2771 der
1160 2746 1364 2779 Hohenstausen
1384 2747 1411 2769 in
1432 2746 1553 2773 Sicilia,
1575 2745 1699 2773 Bresiau,
1724 2750 1798 2777 1925.
1814 2752 1840 2776 p.
1856 2752 1907 2777 ¹30
1919 2753 1933 2769 e
1947 2753 1988 2777 sg.

1178 2786 1190 2804 θ
1209 2788 1250 2813 La
1269 2788 1359 2814 Curia
1377 2788 1510 2821 generale
1529 2789 1629 2812 tenuta
1648 2788 1695 2819 pol
1716 2795 1732 2811 a
1752 2787 1828 2811 Melfi
1850 2788 1878 2812 fu
1893 2788 1988 2819 dispo-

1091 2832 1134 2856 sta
1154 2831 1192 2856 fin
1212 2831 1260 2856 dal
1284 2831 1423 2855 febbralo.

1178 2871 1189 2889 ⁷
1207 2873 1293 2898 Della
1314 2873 1493 2905 relegazione
1514 2872 1558 2896 del
1572 2871 1700 2896 Paterini
1716 2880 1731 2896 a
1745 2872 1960 2897 Montecassino
1974 2879 1988 2896 e

1090 2922 1106 2939 a
1127 2915 1204 2941 Cava
1225 2922 1282 2939 non
1304 2917 1327 2939 si
1348 2916 1383 2939 hs
1397 2915 1482 2939 alcun
1498 2915 1614 2939 ricorde
1629 2915 1658 2938 in
1673 2915 1737 2945 quei
1752 2915 1806 2939 due
1819 2915 1988 2940 Monasteri.

1178 2955 1189 2973 ¹
1209 2957 1309 2982 Lando
1328 2959 1417 2982 arciv.
1437 2957 1467 2981 di
1487 2956 1608 2989 Regglo,
1627 2956 1657 2981 dl
1677 2957 1723 2981 cui
1743 2957 1767 2981 sl
1787 2958 1885 2982 hanno
1911 2959 1987 2982 ηου-

1090 3001 1132 3023 zle
1151 2999 1187 3024 fin
1208 3000 1255 3024 dal
1279 3006 1361 3030 12223
1381 3000 1517 3029 ΒῦΗΜΕΒ,
1539 3007 1565 3023 n.
1589 3005 1653 3031 1371
1668 3008 1692 3024 a.

1914 201 1984 241 173
2002 213 2077 237 ΜυινἫ
2093 219 2124 233 cc.
2139 213 2228 238 1025-26

2075 883 2096 898 c.
2109 882 2160 901 ,ην

2008 1136 2139 1162 Priuilegia
2157 1142 2171 1156 a
2185 1136 2226 1155 du-

2035 1169 2060 1182 ce
2074 1162 2227 1187 Spoletisac-

2037 1192 2060 1210 ta
2072 1191 2225 1215 presentetur,

2011 1887 2159 1912 Inqur'sitores
2165 1886 2229 1911 fiunt

2036 1915 2105 1937 super
2135 1915 2228 1937 exemp-

2038 1940 2110 1960 tiones
2124 1940 2200 1962 datas,

2019 2541 2049 2567 Ι5

2017 2753 2050 2770 20

2017 2965 2048 2991 ²5
