2320 3444
32 2707 83 2763 ,βο

18 248 20 250 ·
115 238 282 274 [A.12271

899 232 1177 270 CHRONICA

1884 235 1952 275 147

53 355 73 398 ‘f
106 365 220 400 «Cuius
241 365 354 398 obitus
377 371 448 399 tam
471 376 562 408 pape
585 375 688 408 quam
710 364 916 407 Imperatori
940 375 1004 408 per
1027 365 1196 409 quosdam
1227 365 1271 399 de
1300 367 1468 400 fratribus
1491 368 1681 406 nuntiatur,
1711 378 1733 400 a
1755 367 1880 411 quibus
1911 366 1956 400 de

52 421 64 455 ’.ἶ
110 419 285 452 electione
310 418 475 452 facienda
496 418 672 461 recipiunt
693 418 729 449 in
751 419 934 451 mandatis.

197 473 392 515 Imperator
415 483 494 505 cum
516 472 738 514 imperatrice
763 477 923 504 consorte
945 482 1007 504 sua
1030 483 1148 506 mense
1175 474 1321 517 Augusti
1348 474 1545 507 Ydrontum
1575 475 1672 508 uadit
1685 474 1706 513 ¹,
1737 475 1798 508 ubi
1827 475 1953 508 relicta

66 529 73 556 .’
108 526 333 570 imperatrice
361 532 521 559 consorte
552 535 623 564 sua,
654 525 736 558 inde
759 525 858 558 uadit
882 525 1116 559 Brundusium
1128 526 1151 565 ²,
1174 527 1234 559 ubi
1258 533 1349 560 totus
1372 533 1586 561 conuenerat
1609 538 1715 561 cruce
1738 528 1954 572 signatorum

60 579 292 619 -sexercitus,
316 585 352 612 et
374 579 434 612 ubi
458 578 574 612 omnia
595 579 750 611 uascella
772 579 818 612 ad
841 579 1139 612 transfretandum
1162 580 1299 613 fecerat
1325 582 1544 625 congregari.

197 633 333 665 Interea
357 632 401 665 de
423 637 496 665 tota
521 631 650 664 Marsia
673 631 813 664 obsides
836 632 1022 674 capiuntur
1034 631 1057 664 ⁸.

64 727 66 730 v
107 691 295 730 ponuntur.

1103 632 1143 665 In
1168 633 1310 666 castello
1336 634 1459 667 Gaiete
1476 634 1684 668 castellanus
1707 641 1743 668 et
1765 636 1954 668 servientes

197 739 331 772 Eodem
354 749 471 772 mense
495 739 637 782 quidam
660 739 697 770 in
720 737 816 771 Urbe
838 738 1008 771 uicarium
1031 749 1122 782 pape
1146 751 1182 772 se
1207 740 1353 778 faciens,
1377 751 1470 783 papa
1492 741 1604 774 inscio
1629 748 1663 774 et
1686 742 1841 782 absente,
1873 743 1955 775 dum

53 779 59 814 ἶ
107 792 239 826 fauore'
263 793 374 825 fretus
396 793 634 826 Romanorum
658 792 886 834 quorumdam
910 791 968 835 qui
992 791 1058 825 hoc
1090 793 1163 825 fieri
1195 793 1402 836 tolerabant,
1432 794 1546 837 gratia
1576 801 1727 837 questus,
1752 802 1846 828 stans
1870 802 1954 839 aput

106 846 278 890 porticum
300 845 410 878 sancti
434 845 543 885 Petri,
565 850 600 878 et
622 850 793 888 potestate
811 850 911 878 utens
926 845 1131 887 apostolica,
1149 855 1254 878 cruce
1269 846 1411 890 signatis
1429 847 1587 879 omnibus
1603 847 1830 881 absolutionis
1853 849 1956 882 bene-

47 902 63 939 ζ
105 899 222 932 ficium
243 898 481 941 impendebat,
504 903 539 931 et
562 907 624 940 per
647 898 828 931 Romanos
851 897 1005 931 fautores
1028 899 1115 931 tanti
1139 899 1302 938 criminis,
1326 910 1468 932 crucem
1493 900 1537 932 ab
1560 900 1620 940 eis,
1645 912 1745 944 quam
1762 913 1955 945 assumpse-

50 967 55 995 χ
105 958 195 992 rant,
219 951 429 995 deponebat.
475 950 547 990 Qui
570 962 590 984 a
613 957 773 1004 senatore
797 950 906 984 Urbis
922 957 1057 993 captus,
1074 958 1152 994 post
1168 952 1473 986 denunciationem
1488 953 1555 986 sibi
1572 965 1593 986 a
1608 965 1699 997 papa
1716 954 1855 993 factam,
1871 961 1955 989 tunc

52 1053 58 1055 Δ
105 1011 190 1049 aput
214 1005 408 1050 Anagniam
432 1005 616 1053 existente,
640 1010 761 1047 captus
784 1010 837 1037 est
859 1010 895 1037 et
917 1004 1039 1038 debita
1062 1016 1210 1048 persone
1234 1015 1325 1048 pena
1348 1006 1532 1038 mulctatus
1546 1006 1570 1038 ⁴.

194 1059 333 1091 Interea
355 1069 436 1101 pars
458 1067 563 1090 cruce
579 1058 794 1101 signatorum
817 1068 887 1090 non
911 1058 1051 1090 modica
1073 1059 1110 1091 in
1133 1058 1276 1101 Apulia,
1300 1059 1567 1101 superueniente
1590 1060 1800 1099 infirmitate,
1825 1062 1953 1095 cecidit

54 1113 84 1158 [⁵
105 1122 169 1155 per
191 1112 311 1145 mortis
333 1121 505 1144 occasum.
551 1111 746 1153 Imperator
768 1116 884 1143 tamen
908 1122 987 1144 cum
1009 1111 1189 1145 lancrauio
1213 1117 1250 1144 et
1272 1112 1413 1155 reliquis
1438 1123 1543 1145 cruce
1567 1113 1709 1157 signatis
1732 1125 1768 1146 se
1792 1121 1892 1157 parat
1909 1116 1955 1147 ad

46 1190 52 1199 ,,
105 1166 297 1204 transitum,
319 1165 367 1197 ita
390 1165 485 1208 quod
501 1164 536 1196 in
552 1164 611 1197 die
628 1164 818 1197 natiuitatis
834 1164 937 1197 beate
957 1164 1112 1208 Uirginis
1127 1176 1148 1197 a
1163 1165 1360 1197 Brundusio
1377 1166 1604 1199 transfretans
1626 1167 1723 1199 uenit
1746 1166 1956 1207 Ydrontum‚

48 1215 57 1252 ζ
105 1224 141 1251 et
162 1229 261 1262 spem
284 1218 418 1251 faciens
442 1217 509 1250 hiis
531 1227 618 1261 quos
641 1217 846 1260 premiserat
868 1217 912 1250 de
935 1218 1084 1251 transitu
1106 1228 1180 1256 suo,
1204 1219 1332 1251 morari
1356 1219 1449 1261 apud
1473 1219 1669 1252 Ydrontum
1693 1230 1737 1252 ex
1759 1230 1863 1252 causa
1894 1232 1955 1252 ne-

105 1272 256 1305 cessaria
286 1271 419 1310 uoluit;
449 1270 520 1310 ubi,
551 1281 634 1303 casu
664 1271 863 1310 accidente,
894 1271 1010 1304 dictus
1039 1271 1236 1304 lancrauius
1266 1272 1351 1304 obiit
1364 1272 1386 1311 ⁶,
1418 1278 1453 1305 et
1482 1272 1557 1315 ipse
1588 1279 1672 1305 tunc
1703 1273 1806 1305 etiam
1837 1274 1952 1316 impe-

47 1329 60 1375 ζ
103 1330 209 1364 rator,
231 1325 321 1358 sicut
343 1324 574 1367 disposuerat,
597 1324 869 1366 superueniente
893 1323 1091 1372 egritudine
1105 1334 1176 1358 non
1193 1325 1351 1357 transiuit
1364 1325 1386 1357 ⁶.
1433 1324 1550 1363 Quam
1574 1326 1620 1358 ob
1635 1336 1709 1358 rem
1733 1337 1824 1368 papa
1840 1332 1953 1359 motus

195 1446 221 1473 3.
239 1438 403 1464 Ydruntum
421 1438 498 1463 Uou.
517 1451 551 1455 —
574 1445 615 1470 14.
633 1438 664 1463 in
685 1437 794 1470 Apulia
812 1438 989 1469 soprascritta
1010 1438 1072 1463 Cod.
1093 1451 1126 1456 —
1148 1444 1188 1470 15.
1208 1438 1390 1471 lantgravius
1409 1438 1487 1464 Uei-1.
1510 1453 1540 1457 —
1563 1438 1604 1464 16.
1623 1439 1799 1464 Hidruntum
1819 1439 1895 1464 Uon.
1922 1453 1955 1457 —

111 1487 152 1515 ιγ.
171 1481 210 1507 lis
228 1481 307 1506 Uen.

193 1582 203 1601 ¹
221 1584 292 1609 Pare
317 1585 346 1608 vl
372 1585 415 1608 sia
440 1584 598 1616 pervenuto
625 1583 703 1608 nella
729 1583 802 1608 testa
821 1583 998 1608 dell’Assun-

105 1627 195 1659 sione,
214 1625 276 1652 eloe
296 1626 318 1651 il
341 1631 371 1658 15
391 1625 471 1657 vm3
490 1626 529 1651 cf.
542 1626 662 1651 Annales
676 1626 1000 1655 Reinlaardsbrunnenses,

106 1670 126 1695 1.
145 1677 170 1697 c.

193 1709 205 1728 ¹
222 1712 269 1737 Un
288 1710 416 1744 diploma
435 1711 464 1735 di
485 1710 621 1736 FederIco
639 1710 666 1735 11
684 1718 734 1743 per
746 1711 774 1737 S.
786 1710 880 1736 Maria
893 1711 1000 1740 d’Iiiee.

105 1754 214 1780 diocesi
232 1754 262 1779 di
282 1753 386 1783 Conza.
405 1753 420 1778 ὲ
439 1754 508 1778 dato
528 1753 565 1778 da
584 1753 711 1779 Brindisi
732 1753 755 1778 11
778 1759 811 1785 ²4
824 1753 900 1784 VIII,
917 1759 1000 1787 ¹227;

51 1805 54 1819 2
106 1797 142 1823 cs.
161 1797 389 1828 wia-unumne,
409 1800 449 1828 op.
469 1797 525 1828 cit„
545 1804 573 1822 n.
592 1803 654 1829 293,
672 1804 700 1829 p.
720 1795 780 1828 267.

192 1837 205 1856 ⁸
222 1839 359 1864 Federico
379 1839 405 1864 11
424 1837 517 1863 libero
535 1839 577 1872 gli
603 1839 727 1864 abitantl
753 1839 784 1864 dl
809 1837 928 1868 Celano,
955 1847 999 1863 ma

105 1883 226 1908 rlchiese
245 1882 359 1915 ostaggl
378 1881 415 1906 da
433 1883 511 1906 tutta
530 1881 558 1906 la
578 1881 694 1907 Marsis.

194 1923 205 1942 ⁴
223 1924 261 1949 Di
280 1926 382 1957 questo
402 1924 537 1957 episodlo
557 1931 616 1948 non
636 1925 659 1948 si
679 1924 715 1949 ha
734 1924 809 1949 altra
828 1924 950 1949 notizia.
980 1914 1002 1948 E*

106 1967 242 1992 notevole
261 1965 330 2000 pero
349 1967 400 1991 che
418 1967 450 1991 in
469 1966 572 1995 Roma,
592 1967 672 1991 sotto
690 1966 701 1991 i
720 1966 828 2000 portici
847 1967 878 1991 di
897 1965 925 1992 S.
939 1966 1001 1990 Pie-

105 2011 160 2040 tro,
178 2017 217 2035 un
237 2010 382 2035 cosldetto
401 2009 520 2034 vicario
545 2009 591 2034 del
617 2016 691 2041 papa
712 2015 762 2042 per
781 2009 823 2033 sei
849 2009 1002 2033 settimane

104 2052 152 2079 col
172 2053 272 2078 favore
291 2053 336 2077 dei
356 2051 481 2076 Romani
502 2058 517 2076 e
536 2059 585 2084 per
601 2052 753 2086 guadagno
774 2051 859 2076 abbia
881 2051 1002 2076 ritirato

106 2096 134 2120 la
151 2102 235 2120 croce
247 2095 298 2120 che
312 2096 320 2119 i
335 2095 457 2119 crociatl
471 2101 599 2119 avevano
613 2102 704 2127 preso,
719 2094 940 2127 dIspensandoli
954 2094 1001 2118 da-

104 2138 148 2172 gli
166 2137 299 2171 obblighi
317 2138 440 2163 assunti.
477 2137 507 2162 Si
527 2135 585 2171 pub
604 2144 722 2170 pensare
740 2137 791 2162 che
810 2137 838 2162 la
864 2136 1002 2161 Crociata

107 2188 166 2206 non
186 2180 262 2205 fosse
279 2181 371 2214 punto
386 2179 525 2212 populare
539 2181 569 2204 ln
583 2178 685 2211 Roma,
697 2186 713 2203 e
725 2181 748 2204 si
764 2178 821 2212 pub
835 2179 924 2204 anche
938 2185 1002 2210 sup-

106 2230 191 2257 porre
209 2223 260 2247 che
277 2221 397 2254 qualche
410 2221 522 2246 fautore
534 2222 562 2246 dl
583 2221 719 2247 Federico
738 2221 831 2252 abbia,
846 2228 924 2246 come
938 2220 1003 2245 suol

106 2265 188 2294 dirsi,
207 2266 360 2298 preparato
379 2263 544 2288 l'ambiente
563 2264 637 2289 onde
656 2264 852 2297 s'accogliesse
865 2264 894 2288 la
908 2263 1004 2287 sutura

105 2310 233 2342 risposta
251 2308 278 2332 al
299 2314 382 2340 papa,
401 2307 452 2332 che
475 2306 611 2332 FederIco
636 2308 742 2331 veniva
766 2307 945 2340 preparando
972 2307 1003 2330 ln

106 2351 171 2384 quei
189 2350 297 2384 giorni,
315 2356 331 2374 e
350 2349 380 2374 fu
399 2347 450 2382 piu
462 2348 539 2374 tardi
553 2349 600 2374 dal
613 2351 738 2374 maestro
750 2348 883 2374 Rom-edo
903 2348 934 2373 di
954 2349 1003 2373 Be-

107 2395 230 2418 nevento
250 2392 319 2417 Ietta
340 2393 369 2416 in
391 2390 596 2424 Campidoglio
615 2391 660 2416 col
681 2391 780 2416 favore
799 2391 844 2416 del
863 2391 968 2416 Senato
988 2397 1003 2415 e

107 2435 152 2461 del
173 2435 282 2468 popolo
304 2441 436 2459 romano.

195 2475 206 2493 ⁵
223 2477 238 2492 ¹¹
247 2477 355 2502 Eodem
374 2483 451 2501 anno
471 2476 556 2500 multi
577 2476 876 2508 Hlerosolymltanum
890 2476 946 2501 Iter
959 2483 1004 2501 ar-

107 2519 243 2553 ¹rIpiunt
262 2521 290 2545 et
309 2519 426 2552 plurimi
447 2519 478 2543 ln
497 2518 606 2552 Apulis
630 2520 802 2548 moriuntur,
828 2519 906 2544 inter
931 2525 1004 2550 quos

109 2561 259 2588 “sifridus
278 2561 470 2594 Augustensls
488 2562 639 2593 eplseopus
657 2559 738 2594 (1123
754 2560 830 2593 vm)
842 2562 871 2586 et
890 2561 1003 2593 langra-

44 2607 57 2616 ''
110 2603 124 2618 ⁸
134 2605 198 2629 vius
212 2604 246 2629 de
263 2603 425 2636 'rhun-ingla
438 2605 466 2628 et
479 2603 530 2628 alii
546 2602 631 2627 multi
646 2604 704 2628 tam
718 2603 824 2628 dlvites
837 2610 920 2635 quam
935 2610 1003 2636 pau-

110 2646 213 2681 “peres
231 2646 265 2671 de
280 2646 373 2671 medio
386 2647 454 2671 sunt
467 2645 572 2670 sublati
586 2653 615 2678 ,ς
632 2645 669 2670 er.
683 2645 860 2670 Buucaaous
873 2645 1003 2670 Unsran·

108 2695 221 2720 oensis,
250 2689 322 2719 Chr..
346 2689 377 2714 In
404 2689 444 2713 M.
476 2688 506 2713 G.
534 2689 570 2712 H.
596 2688 657 2717 SS„
682 2686 783 2719 XXIII,
808 2688 866 2719 clt.,
890 2695 919 2721 p.
944 2687 1005 2720 382.

108 2732 214 2757 Alcuni
240 2731 425 2757 calcolarono
444 2731 495 2756 che
514 2731 545 2755 in
564 2731 659 2763 quella
678 2730 835 2763 pestilenza
854 2732 1005 2764 scoppiata

108 2781 164 2799 con
185 2773 316 2799 violenza
335 2773 411 2798 nella
430 2772 542 2806 Pugna,
560 2773 634 2798 dove
652 2773 675 2797 il
694 2773 778 2798 caldo
805 2773 934 2798 lnfleriva
959 2781 974 2797 e
994 2774 1002 2797 i

107 2816 202 2841 viveri
220 2816 467 2849 scarseggisvano,
488 2815 571 2840 siano
591 2816 675 2840 morti
696 2815 727 2839 dl
750 2814 903 2848 pellegrini
928 2816 1004 2840 circa

109 2866 148 2884 un
165 2865 201 2891 40
220 2858 304 2884 mlla:
324 2859 364 2883 M.
389 2859 419 2883 G.
441 2859 477 2883 H.
499 2858 559 2888 SS..
581 2857 696 2886 XXVII,
716 2865 743 2891 p.
762 2856 823 2890 467.

197 2899 209 2917 ⁶
229 2901 243 2916 θ’
253 2900 341 2926 Gravi
361 2901 525 2934 egritudine
538 2907 632 2926 sumus
652 2907 668 2925 a
681 2900 801 2925 domino
816 2900 938 2931 visitati,
953 2901 1003 2932 qui

112 2943 177 2969 “sic
197 2950 250 2968 nos
270 2943 450 2968 vehementer
468 2943 586 2974 invasit,
607 2944 639 2966 ut
659 2949 766 2967 moram
794 2942 876 2967 nobis
901 2941 1002 2966 medici

109 2986 284 3011 “suaderent
295 3005 300 3010 .
312 3004 318 3010 .
330 3004 336 3010 .
348 3004 354 3010 .
372 2984 502 3010 Preterea
522 2986 665 3017 resumpta
690 2984 930 3016 convalescentia,
956 2992 1003 3017 ga-

110 3026 123 3041 ‘⁴
136 3027 194 3053 less
215 3028 334 3060 ingressi
354 3035 450 3052 sumus
464 3034 516 3052 nos
529 3028 557 3052 et
571 3026 694 3051 dilectus
707 3027 937 3058 consanguineus
953 3033 1006 3050 no·

1054 1585 1137 1609 ‘ster
1156 1584 1344 1617 lantgravius,
1373 1585 1496 1617 vestigia
1521 1585 1737 1618 procedentium
1756 1585 1857 1610 secuti.
1895 1584 1951 1609 Ubi

1056 1626 1163 1652 “tanta
1182 1627 1278 1651 subito
1298 1627 1410 1652 invasit
1428 1629 1578 1659 utrumque
1597 1627 1734 1656 turbatio.
1754 1627 1829 1659 quod
1849 1629 1877 1651 et
1898 1635 1950 1651 nos

1057 1668 1110 1694 “et
1135 1671 1296 1701 graviorem
1323 1670 1452 1694 dedimus
1479 1669 1644 1701 recidivam,
1671 1671 1699 1693 et
1726 1670 1799 1694 idem
1826 1670 1952 1702 lantgra-

1058 1710 1147 1736 “vius
1166 1714 1234 1744 post
1253 1719 1397 1737 accessum
1417 1714 1548 1737 nostrum
1569 1712 1644 1744 apud
1662 1711 1812 1736 Idrontum
1838 1713 1872 1736 de
1898 1719 1952 1736 me-

1057 1754 1070 1767 “
1081 1754 1132 1778 dlo
1151 1754 1225 1787 proh
1243 1754 1346 1779 dolore
1364 1756 1406 1779 est
1425 1756 1537 1787 ereptus
1548 1771 1645 1785 ......
1681 1753 1727 1778 Cf.
1740 1754 1769 1778 ia
1783 1754 1886 1778 lettera
1899 1755 1952 1778 cir-

1054 1796 1149 1820 colare
1168 1796 1197 1820 di
1218 1795 1355 1820 Federico
1375 1796 1402 1820 11
1420 1805 1438 1822 a
1457 1798 1526 1821 tutti
1554 1797 1565 1821 i
1590 1796 1717 1828 principi
1745 1803 1759 1820 e
1785 1804 1800 1820 a
1826 1797 1900 1820 tutte
1927 1796 1953 1820 le

1055 1837 1158 1863 Chiese
1178 1839 1223 1863 del
1243 1838 1259 1863 6
1279 1838 1340 1869 XII,
1362 1844 1444 1872 ¹2²7?
1464 1839 1600 1868 Bormum,
1620 1846 1648 1864 n.
1665 1844 1740 1870 1715·

1144 1881 1210 1906 Non
1231 1888 1371 1906 mancano
1391 1888 1424 1905 su
1443 1882 1544 1913 questo
1563 1882 1654 1913 punto
1681 1880 1792 1905 notizie
1817 1881 1847 1905 di
1873 1882 1954 1912 parte

1054 1930 1171 1948 avversa
1191 1931 1207 1947 a
1227 1923 1363 1948 Foderlco
1383 1923 1419 1954 ΙΙ,
1440 1924 1490 1947 che
1509 1923 1791 1956 giustificherebbero
1805 1922 1953 1947 i'inesora-

1054 1965 1140 1990 binta
1165 1965 1211 1990 del
1237 1972 1311 1998 papa
1340 1967 1444 1990 contro
1464 1966 1492 1990 di
1520 1965 1578 1990 lui:
1603 1964 1695 1989 “dum
1716 1963 1812 1996 [cruce
1832 1963 1953 1998 signati]

1055 2008 1157 2033 “mare
1181 2015 1244 2032 cum
1269 2009 1442 2041 imperatore
1470 2009 1592 2038 intrant,
1623 2009 1779 2039 imperator
1809 2008 1953 2032 furtIve

1057 2050 1144 2083 “per
1162 2051 1286 2083 galeas
1305 2052 1478 2075 recedens
1495 2051 1746 2075 Brundusium
1765 2053 1820 2075 est
1840 2057 1954 2074 rever-

1056 2092 1181 2124 “sus„;
1207 2092 1314 2117 dicono
1340 2091 1530 2118 Gumzmus
1555 2100 1592 2117 ua
1618 2093 1744 2121 Nanois,
1774 2093 1920 2117 Chrom'con
1940 2099 1954 2116 e

1055 2135 1235 2160 W1LLaLMus
1253 2142 1290 2160 nu
1310 2136 1402 2166 Τγκο,
1423 2136 1469 2159 nei
1490 2135 1572 2160 brani
1594 2135 1731 2167 riportati
1746 2135 1776 2158 in
1791 2135 1955 2159 ΗυιιιΑκυ-

1058 2177 1233 2210 Britannus,
1254 2177 1302 2209 111,
1324 2177 1386 2211 381.

1144 2211 1165 2245 ὲ
1185 2222 1255 2245 noto
1276 2220 1326 2244 che
1346 2220 1367 2244 il
1389 2227 1423 2251 ²4
1442 2219 1509 2244 VIII
1529 2219 1605 2252 partl
1629 2220 1666 2244 ds
1692 2219 1822 2243 Brindisi
1842 2219 1870 2243 la
1896 2220 1954 2252 pri—

1055 2270 1100 2287 ma
1119 2263 1289 2296 spedIzione
1309 2262 1337 2287 di
1359 2263 1491 2291 crociati,
1516 2262 1627 2295 seguita
1653 2262 1675 2286 il
1705 2269 1715 2286 1
1745 2262 1774 2286 di
1802 2262 1955 2286 settembre

1055 2305 1134 2330 dalla
1152 2305 1275 2330 seconda
1293 2312 1308 2330 e
1328 2306 1400 2329 sette
1419 2305 1518 2337 giorui
1537 2305 1615 2337 dopo
1634 2304 1713 2329 dalla
1739 2306 1826 2335 ter-za,
1846 2305 1955 2328 mentre

1055 2347 1252 2380 l’imperatore
1271 2347 1341 2372 s'era
1362 2347 1482 2372 fermato
1496 2354 1512 2371 a
1525 2346 1733 2376 Sant’Andrea,
1748 2352 1820 2378 poco
1834 2346 1955 2370 lontano

1057 2390 1092 2415 da
1111 2390 1249 2419 Brindisi,
1269 2397 1319 2422 per
1338 2390 1505 2422 proseguire
1525 2389 1546 2413 il
1565 2390 1670 2422 giorno
1691 2395 1827 2421 appresso
1846 2388 1903 2412 tino
1917 2387 1953 2411 ad

1056 2432 1181 2458 Otranto
1201 2432 1235 2457 ed
1255 2433 1420 2457 imbarcarsi
1448 2433 1567 2456 insieme
1587 2431 1848 2464 coll’imperatrice.
1886 2430 1955 2462 Agit

1059 2482 1088 2501 u
1109 2475 1186 2500 dello
1205 2475 1296 2500 stesso
1316 2481 1389 2499 mese
1409 2474 1482 2499 morl
1503 2474 1525 2498 ll
1546 2474 1700 2506 langravio
1719 2474 1748 2498 di
1769 2473 1919 2504 Turingia,
1940 2479 1954 2496 e

1056 2519 1086 2543 dl
1105 2516 1152 2543 cio
1171 2517 1318 2548 Fec1er1co,
1338 2523 1446 2542 ancora
1465 2517 1631 2547 amandato,
1657 2518 1682 2541 si
1708 2513 1851 2540 contristo
1870 2516 1954 2539 tanto

1056 2561 1107 2585 che
1132 2561 1227 2585 decise
1245 2560 1276 2584 di
1295 2561 1445 2589 rimanere,
1464 2559 1495 2584 di
1515 2558 1628 2583 affidare
1643 2558 1663 2583 il
1679 2558 1820 2582 comendo
1835 2557 1862 2581 di
1878 2558 1955 2582 tutta

1058 2603 1086 2628 la
1098 2602 1179 2627 flotta
1199 2602 1225 2627 al
1245 2602 1317 2627 duca
1337 2602 1365 2626 dl
1386 2601 1553 2634 leburgo,
1574 2601 1664 2625 ch'era
1686 2601 1762 2625 nella
1783 2601 1874 2632 prima
1895 2606 1954 2632 spe-

1057 2645 1185 2675 dizIOne,
1204 2652 1219 2668 e
1237 2645 1396 2669 concedere
1415 2650 1464 2676 per
1478 2644 1506 2667 la
1520 2645 1653 2675 partenza
1674 2643 1751 2667 venti
1773 2643 1839 2666 navi
1860 2641 1886 2665 al
1908 2649 1954 2675 pa-

1057 2688 1163 2712 triarca
1183 2687 1212 2711 di
1238 2686 1462 2711 Gerusalemme.

1145 2729 1198 2754 Dei
1219 2729 1300 2754 mllle
1318 2728 1457 2753 cavalleri
1477 2728 1526 2752 che
1546 2726 1682 2752 Federico
1703 2727 1749 2751 nel
1780 2731 1843 2757 ¹²²5
1865 2733 1955 2750 aveva

1057 2779 1202 2806 promesso
1221 2771 1251 2796 dl
1267 2773 1430 2796 mantenere
1444 2778 1493 2803 per
1512 2777 1549 2794 un
1563 2770 1684 2794 biennio
1699 2777 1713 2794 a
1726 2776 1774 2793 sue
1788 2775 1877 2801 spese,
1890 2768 1954 2793 solo

1058 2816 1212 2839 settecento
1232 2815 1375 2845 poterono
1395 2812 1572 2837 imbarcarsi.
1610 2811 1636 2835 A
1661 2813 1760 2843 questa
1786 2810 1954 2842 spedizione

1057 2857 1078 2881 Il
1100 2856 1243 2888 patrIarca
1262 2856 1291 2880 di
1311 2855 1532 2882 Gerusalemme,
1551 2853 1688 2884 Geroldo,
1712 2852 1755 2885 gli
1776 2853 1955 2878 arcivescovl

1057 2899 1155 2923 Pietro
1174 2898 1204 2922 di
1223 2897 1352 2928 Cesarea,
1368 2896 1432 2929 Ugo
1446 2896 1474 2920 di
1489 2896 1618 2926 Nazaret,
1633 2895 1731 2920 Pletro
1745 2895 1775 2919 di
1791 2894 1956 2925 Narbonne,

1058 2942 1066 2966 i
1095 2941 1209 2966 vescovi
1235 2939 1402 2971 Guglielmo
1428 2939 1456 2963 di
1486 2937 1665 2962 winchester
1693 2944 1708 2962 e
1733 2935 1899 2969 Guglielmo
1925 2936 1953 2960 di

1057 2983 1168 3012 Exetu,
1187 2982 1221 3007 ed
1248 2982 1356 3006 inoltre
1377 2981 1474 3005 Pietro
1493 2988 1507 3004 e
1528 2980 1638 3004 Garlno
1658 2979 1687 3003 di
1708 2979 1899 3007 Montencuto.
1918 2979 1950 3003 ed

1058 3025 1205 3050 Ermanno
1231 3025 1260 3049 dt
1287 3024 1364 3048 Saltz
1391 3025 1512 3047 maestro
1538 3023 1584 3047 del
1609 3022 1756 3047 cavalleri
1781 3022 1951 3052 Teutonicl3

1985 246 2060 270 Mun..
2072 251 2105 269 cc.
2118 251 2192 270 roez-3

2032 808 2054 824 t.
2070 807 2119 826 1911

1975 1278 2037 1302 Obiit
2047 1280 2180 1300 Lam-raaia

1982 1678 2017 1703 40

1981 1889 2014 1916 45

1984 2100 2017 2126 50

1984 2311 2014 2338 55

1982 2515 2017 2540 60

1984 2942 2018 2968 70
