2320 3444
97 238 151 275 μ.
171 234 266 273 1223]
885 225 1164 266 CHRONJCA
1869 226 1936 264 111

58 362 60 365 ’
97 366 211 410 ligant
233 370 268 397 et
289 370 409 408 postea
431 363 637 407 procedunt.
668 362 942 396 circumcisione

57 415 64 453 ζ·
99 425 136 453 et
157 418 327 461 baptismo
349 423 505 451 utuntur:
530 427 598 450 uno
614 427 651 450 se
669 417 778 461 digito
795 417 944 461 signant.

49 483 63 487 ¹
99 471 344 516 Quadraginta
368 482 492 505 cruces
520 470 660 509 habent,
691 476 726 504 et
755 469 945 513 quamlibet

98 531 263 560 secuntur
285 524 517 569 quadraginta
547 524 640 557 milia
662 523 826 568 equitum.
871 522 944 555 Au-

59 579 62 581 ’
98 590 175 613 rum
198 584 233 611 et
256 588 410 622 gemmas
432 578 600 622 pretiosas
622 588 686 620 pro
710 576 946 610 habundantia
1031 574 1049 605 5

99 633 249 666 calcant.
294 631 403 665 Arma
424 632 469 664 de
493 632 587 665 corio
609 631 751 668 habent,
766 640 833 673 que
849 629 945 662 nullo

47 721 50 730 ,
98 685 172 720 telo
193 686 427 728 perforantur.
473 684 626 723 Quando
648 684 792 716 ueniunt
814 683 862 715 ad
885 682 945 715 ali-

49 734 52 739 *
100 749 187 783 quas
209 738 418 781 prouincias,
441 738 607 771 mandant
621 735 894 780 prouincialibus
908 740 947 767 ut

41 791 52 808 *¹
87 791 256 825 rmic'tant
279 792 329 824 eis
351 791 447 835 leges
469 800 558 823 suas.
603 789 641 823 Si
670 789 785 834 legem
816 788 946 822 Christi

51 839 53 841 ¹
99 851 291 884 seruantur,
324 850 522 882 seruantur3
556 842 709 886 alioquin
739 842 947 875 occiduntur
1013 840 1051 872 10

40 915 50 927 ⁷
100 904 136 931 et
172 905 282 931 terras
316 908 433 931 eorum
466 897 504 929 in
536 895 738 929 seruitutem
771 896 944 939 redigunt.

46 958 48 962 '
101 949 210 990 Quod
231 952 278 984 sit
301 961 419 984 eorum
441 949 655 993 propositum
678 948 842 981 nescitur.

190 1006 382 1048 Imperator
403 1014 482 1037 cum
504 1013 569 1046 pro
598 1001 778 1045 stipendiis
801 1002 946 1034 militum

38 1094 44 1101 ,
101 1065 138 1092 et
153 1058 232 1098 alio,
249 1067 335 1102 quos
357 1057 394 1090 in
418 1055 538 1090 Sicilia
560 1055 785 1088 ordinauerat
800 1055 846 1087 ad
863 1064 947 1086 con-

38 1123 43 1150 ;
99 1112 272 1144 fusionem
297 1111 568 1144 Sarracenorum
591 1108 649 1152 qui
665 1108 730 1141 sibi
754 1107 948 1140 rebellaue-
1013 1107 1052 1140 15

45 1163 47 1166 ’
99 1171 188 1203 rant,
203 1175 224 1196 a
240 1164 384 1208 singulis
398 1162 516 1207 Regni
533 1162 730 1195 ciuitatibus
745 1168 779 1194 et
795 1161 948 1194 castellis

41 1214 44 1219 ’
101 1224 234 1251 certam
256 1218 418 1260 exigeret
440 1215 589 1259 pecunie
625 1215 850 1258 quantitatem
867 1215 947 1257 [nec

28 1310 29 1313 Ἴ
101 1271 184 1314 non]
216 1282 236 1303 a
258 1277 351 1303 terra
374 1269 578 1303 monasterii
608 1268 808 1302 Casinensis
830 1268 949 1312 dirigit

30 1327 43 1358 ’ζ’
101 1325 139 1358 in
163 1325 256 1357 hunc
280 1324 435 1357 modum:

193 1378 208 1394 ²
218 1377 425 1411 Fredericus
437 1376 502 1409 Dei
513 1375 625 1420 gratia
635 1375 871 1408 Romanorum
882 1376 949 1407 Im·
1012 1377 1054 1407 20

107 1434 123 1450 ‘¹
134 1438 274 1475 perator
295 1441 435 1473 semper
456 1429 633 1473 Augustus
657 1427 717 1472 [et]
741 1439 803 1461 rex
827 1428 949 1461 Sicilie

106 1485 306 1518 “uniuersis
328 1483 523 1517 hominibus
552 1490 718 1516 terrarum
749 1482 950 1516 monasterii

26 1538 46 1582 J
107 1538 338 1574 “casinensis
360 1537 524 1570 fidelibus
545 1547 641 1569 suam
664 1536 810 1580 gratiam
831 1541 868 1569 et
889 1535 948 1568 bo·

8 1586 16 1626 ’ζ’
39 1591 54 1611 ’·
109 1595 213 1626 “nam
227 1591 451 1625 uoluntatem.
496 1590 584 1623 Cum
600 1590 814 1623 Sarracenos
828 1587 949 1621 Sicilie

108 1649 123 1666 “
136 1647 194 1690 qui
206 1646 322 1691 Regni
335 1644 443 1678 nostri
453 1643 737 1687 tranquillitatem
747 1643 951 1686 perturbant
1014 1643 1054 1675 25

107 1701 123 1718 ⁸
136 1709 370 1744 proponamus
396 1697 534 1741 penitus
563 1697 791 1730 exterminare
823 1697 868 1729 de
898 1696 951 1728 in-

45 1755 53 1770 ’·
107 1755 122 1771 ⁸
137 1753 222 1792 sula,
245 1763 357 1796 nuper
379 1752 414 1784 in
438 1751 621 1794 sollempni
652 1751 748 1784 curia
778 1749 951 1784 Cathanie

109 1806 315 1840 ‘celebrata
342 1805 527 1841 commode
558 1804 771 1848 prouidimus
799 1809 950 1837 statuen-

46 1899 49 1909 )
107 1862 122 1878 “
138 1860 220 1894 dum
242 1865 291 1900 ut,
320 1859 367 1892 ad
389 1858 591 1891 euitandam
613 1867 836 1901 personarum
861 1858 952 1901 peri-

108 1914 124 1932 *
138 1912 217 1948 cula
247 1923 314 1957 que
344 1911 520 1955 plerisque
550 1917 702 1944 uestrum
731 1911 767 1944 in
796 1911 953 1954 partibus
1014 1911 1057 1943 30

111 1969 126 1986 ⁸
139 1966 258 2002 Sicilie
281 1965 562 2009 contingenbant,
585 1964 720 2008 singule
735 1964 852 2009 Regni
868 1964 952 1997 ciui-

111 2021 227 2054 “tates
260 2025 295 2053 et
329 2025 442 2052 castra
473 2018 622 2051 dimissis
654 2017 885 2051 seruientibus
918 2023 953 2051 et

111 2075 126 2092 ⁸
138 2073 271 2107 cunctis
292 2072 373 2105 aliis
388 2071 626 2104 exactionibus
641 2071 814 2109 relaxatis,
830 2070 953 2115 quibus

18 2160 45 2180 ⁴
109 2127 125 2144 ⁸
139 2132 281 2170 propter
303 2126 370 2159 hoc
393 2124 534 2169 grauius
555 2123 768 2168 urgebantur
797 2125 834 2157 in
856 2129 952 2157 certa

112 2179 333 2224 “quantitate
362 2177 511 2221 pecunie
541 2177 641 2210 nobis
670 2179 737 2211 hoc
768 2187 859 2210 anno
891 2176 953 2210 de·
1017 2177 1058 2211 35

109 2233 126 2251 “
140 2233 245 2267 beant
267 2231 451 2266 subuenire
473 2241 537 2275 pro
559 2231 742 2274 stipendiis
757 2230 903 2264 militum
920 2237 955 2264 et

114 2289 358 2321 “strenuorum
380 2285 543 2325 uirorum,
567 2284 625 2329 qui
650 2286 695 2318 ad
711 2285 953 2318 confusionem

113 2341 259 2385 “inique
282 2339 395 2384 gentis
417 2344 595 2383 presentes
616 2344 652 2372 et
681 2344 843 2381 potenter
871 2338 955 2371 insi-

112 2395 128 2412 “
142 2400 246 2428 stunt.
292 2393 517 2436 Quapropter
532 2392 744 2425 uniuersitati
760 2396 876 2425 uestre
891 2390 955 2424 sub

113 2447 128 2464 “
143 2447 285 2482 obtentu
315 2446 426 2490 gratie
456 2452 572 2479 nostre
603 2451 638 2478 et
667 2445 705 2477 in
738 2454 829 2488 pena
859 2444 956 2487 dupli
1020 2446 1061 2477 40

116 2501 370 2544 “precipiendo
407 2500 620 2538 mandamus,
652 2504 823 2542 quatenus
857 2499 952 2531 iuxta

117 2555 132 2572 ⁸
143 2553 404 2598 requisitionem
428 2558 464 2586 et
479 2551 732 2586 ordinationem
747 2551 895 2584 Henrici
911 2551 956 2585 de

116 2609 132 2626 ²
145 2606 267 2640 Morra
296 2607 458 2652 Magistri
488 2605 661 2639 iustitiarii
693 2604 823 2648 Magne
860 2605 956 2638 curie

116 2661 131 2678 ⁸
145 2667 261 2694 nostre
293 2660 494 2705 trecenta[s]
517 2659 637 2692 uncias
668 2658 741 2691 auri
763 2657 838 2691 sine
861 2668 958 2691 mora

118 2715 134 2732 “
147 2714 303 2758 qualiter,
319 2713 549 2747 communiter
564 2719 599 2744 et
615 2711 776 2745 celeriter
791 2711 957 2755 colligere
1022 2713 1062 2745 45

119 2768 188 2800 “ac
211 2773 326 2801 nostre
351 2767 447 2800 curie
471 2765 615 2799 mictere
637 2765 815 2798 studeatis.

205 2920 227 2938 1.
245 2914 274 2938 et
292 2918 391 2946 postea
409 2912 568 2946 procedunt
579 2918 673 2936 manca
687 2909 786 2935 GAun.
800 2923 832 2928 —
849 2916 889 2935 10.
901 2916 958 2934 ser-

115 2960 199 2984 vatur
216 2958 309 2983 invect
326 2957 357 2982 dn·
368 2958 517 2982 servantur
530 2955 625 2982 GAun.
639 2968 672 2973 —
687 2961 729 2980 20.
743 2961 876 2980 romanus
892 2955 958 2981 eod.

117 3011 131 3028 e
149 3002 244 3028 Gaui».
264 3016 296 3021 —
314 3009 357 3035 39.
377 3002 491 3027 clvltati
511 3002 603 3028 invece
622 3000 653 3025 dn·
663 2999 849 3025 universitati
862 2998 960 3025 Gnm.
