2320 3444
128 226 181 263 [A.
203 226 297 261 ηδε]
912 220 1188 256 CHRONICA

134 353 236 386 dacio
253 353 352 386 facta
375 359 430 386 est
450 352 643 396 pluuiarum
669 353 714 385 de
738 352 894 395 supernis
918 352 1063 384 ueniens
1084 351 1267 389 montibus,
1290 351 1454 383 ammixta
1476 350 1715 394 grandinibus,
1740 351 1785 383 ad
1809 350 1974 383 Sanctum

132 406 354 446 Germanum,
377 407 473 450 quod
496 406 618 439 domos
641 406 823 438 nonnullas
838 406 874 438 in
889 406 979 438 ualle
1003 406 1154 448 repleuit
1179 405 1307 437 alluuio
1332 411 1368 437 et
1384 405 1565 437 domorum
1591 404 1764 442 utensilia,
1789 403 1914 441 oleum,
1938 409 1975 436 et

135 460 302 492 uictualia
325 461 432 492 multa
455 469 573 492 secum
598 459 737 492 fluendo
761 458 915 491 deduxit.
961 458 1053 490 Saxa
1075 458 1178 490 etiam
1203 459 1247 490 de
1270 458 1445 491 montibus
1467 464 1536 490 tam
1559 457 1708 501 grandia
1735 458 1853 495 mouit,
1877 457 1973 499 quod

27 542 31 551 ,
132 523 174 545 ea
198 514 336 545 trahere
360 513 468 546 multa
490 512 618 545 bouum
642 512 739 555 paria
762 512 1022 559 nonssualerent.

30 556 49 611 ³¹
93 565 112 599 5
225 566 434 610 Raynaldus
457 566 570 599 dictus
593 566 729 609 Spoleti
753 566 823 599 dux
846 565 1008 598 mandato
1033 565 1252 607 Imperatoris
1275 565 1414 598 ducitur
1435 571 1518 608 aput
1541 564 1765 598 Introducum
1780 564 1843 597 sub
1859 570 1974 597 custo-

26 618 33 629 ‘
135 618 193 652 dia
217 619 260 651 ab
284 620 442 653 Henrico
465 620 509 652 de
532 619 652 652 Morra
667 619 836 663 Magistro
851 618 1045 656 iustitiario,
1063 624 1100 650 ut
1115 618 1208 650 idem
1225 619 1296 650 dux
1314 624 1464 650 castrum
1479 619 1590 660 ipsum
1607 619 1710 651 reddi
1727 619 1835 651 faciat
1858 618 1973 660 Impe-

135 673 243 706 ratori
266 683 287 704 a
309 673 475 706 Bertoldo
499 673 608 705 fratre
631 682 692 705 suo
717 672 776 715 qui
799 671 888 704 illud
911 670 1067 708 tenebat;
1092 671 1185 714 quod
1208 672 1329 704 facere
1351 672 1443 704 idem
1469 672 1655 704 Bertoldus
1671 672 1716 704 ad
1740 671 1972 704 interuentum

128 727 363 760 Messanensis
385 727 650 769 archiepiscopi
673 725 871 768 repromisit
886 724 905 757 ¹.

216 780 290 812 Pax
311 780 403 813 inter
425 780 621 818 Romanos,
646 785 680 811 et
703 778 944 811 Uiterbienses
967 778 1154 810 reformata
1176 784 1238 810 est.

217 834 408 876 Imperator
430 833 627 866 Messanam
654 832 769 874 intrat,
792 837 827 864 et
849 832 894 864 de
925 832 1077 874 quodam
1107 831 1258 863 Martino
1291 831 1444 864 Mallone
1458 832 1480 870 ²,
1511 832 1572 874 qui
1603 838 1708 874 caput
1738 832 1854 864 fuerat
1877 837 1970 864 mote

126 886 306 920 seditionis
327 887 364 918 in
386 886 530 929 populo,
556 891 592 918 et
615 886 689 918 eius
712 884 944 927 complicibus
965 883 1108 926 sumpsit
1131 884 1285 916 debitam
1300 884 1479 923 ultionem,
1496 886 1540 917 de
1564 885 1687 927 quibus
1711 884 1877 928 quosdam
1902 896 1974 917 sus-

126 940 260 982 pendio
283 946 318 972 et
340 941 509 983 quosdam
533 938 704 972 incendio
728 938 1001 980 condempnauit
1012 936 1035 968 ³.

214 993 337 1026 Mense
360 992 472 1025 Madii
494 1002 560 1034 pro
586 991 729 1024 seruitio
753 990 896 1024 militum
921 1000 970 1022 Lx
994 996 1028 1022 et
1042 990 1271 1023 seruientibus
1285 989 1457 1028 ducentis,
1473 992 1510 1023 in
1527 990 1650 1034 quibus
1667 992 1710 1024 ab
1728 991 1851 1024 abbate
1875 992 1972 1025 Casi-

126 1047 226 1079 nensi
249 1047 315 1080 sibi
338 1046 461 1079 serviri
486 1045 617 1078 debere
641 1045 837 1087 Imperator
860 1043 1012 1082 dicebat,
1029 1043 1177 1076 collecte
1201 1049 1281 1076 sunt
1297 1045 1342 1076 de
1358 1050 1452 1076 terra
1475 1045 1677 1077 monasterii
1694 1046 1797 1078 uncie
1822 1047 1933 1078 ccccte
1949 1046 1972 1077 ⁴.

214 1100 471 1133 Florentinates
486 1110 595 1142 super
617 1098 725 1131 Senas
741 1096 873 1130 uadunt
888 1099 985 1139 post'
1012 1097 1283 1140 prohibitionem
1299 1108 1401 1140 pape,
1417 1104 1561 1140 propter
1585 1098 1679 1140 quod
1704 1108 1821 1131 eorum
1847 1099 1974 1131 ciuitas

125 1153 191 1187 sub
212 1153 399 1186 interdicto
422 1154 536 1196 posita
560 1158 623 1191 est,
648 1158 683 1185 et
706 1151 772 1194 ipsi
796 1150 1166 1184 excommunicationis
1188 1157 1267 1183 sunt
1291 1151 1430 1184 uinculo
1455 1152 1614 1184 innodati
1627 1151 1649 1184 ⁸.

213 1206 336 1239 Mense
359 1200 449 1239 Iunii
473 1207 518 1239 de
543 1207 693 1250 quodam
717 1212 838 1238 sancto
861 1204 1011 1248 Uirgilio
1026 1207 1038 1226 ⁸
1061 1204 1230 1237 miracula
1261 1205 1369 1237 multa
1399 1205 1435 1237 in
1466 1205 1607 1247 scriptis
1638 1206 1781 1238 redacta
1813 1207 1857 1239 de
1888 1206 1972 1239 Ala-

126 1261 266 1294 mannia
287 1261 391 1293 missa
413 1266 493 1293 sunt
515 1260 562 1293 ad
585 1260 760 1292 dominum
783 1269 920 1302 papam.

25 1354 27 1359 Ι
214 1314 349 1347 Eodem
371 1324 489 1346 mense
514 1313 655 1357 quidam
671 1313 781 1345 frater
796 1312 822 1345 Ι.
839 1312 900 1345 uili
916 1317 1099 1345 contectus
1115 1312 1279 1356 tegmine,
1296 1318 1470 1355 tamquam
1486 1313 1530 1344 de
1547 1312 1670 1345 ordine
1696 1313 1840 1345 fratrum
1857 1314 1972 1345 Mino-

10 1378 25 1394 '1
61 1369 104 1400 20
127 1379 214 1406 rum,
238 1368 282 1401 ad
307 1368 473 1401 Sanctum
490 1367 700 1400 Germanum
723 1366 878 1406 ueniens,
895 1376 973 1398 cum
995 1375 1103 1398 cornu
1121 1365 1271 1408 quodam
1289 1365 1507 1398 conuocabat
1530 1366 1708 1409 populum,
1733 1372 1768 1399 et
1790 1367 1861 1399 alta
1884 1377 1972 1399 uoce

17 1410 26 1416 υ
124 1422 289 1455 cantabat
304 1421 406 1454 tertio
422 1421 569 1454 Alleluia
580 1420 604 1460 ⁷,
621 1427 656 1454 et
672 1430 790 1454 omnes
809 1420 1086 1463 respondebant:
1103 1419 1266 1457 Alleluia;
1284 1426 1320 1452 et
1335 1420 1408 1462 ipse
1425 1426 1676 1463 consequenter
1693 1420 1849 1453 dicebat:
1866 1421 1972 1452 Bene-

124 1475 218 1508 dicta
239 1475 379 1507 laudata
402 1478 436 1508 et
454 1474 658 1518 glorificata
674 1475 709 1506 lu
724 1474 850 1510 Patre3
875 1473 1064 1506 Benedicta
1087 1474 1228 1505 laudata
1245 1477 1280 1505 et
1293 1473 1496 1516 glorificata
1513 1474 1547 1505 lu
1563 1473 1676 1511 Fillu3
1701 1473 1885 1507 Benedicta
1901 1474 1973 1506 lau-

124 1529 208 1562 datu
230 1533 264 1561 et
281 1529 485 1572 glorificata
508 1529 542 1561 lu
565 1529 702 1572 Spiritu
724 1527 862 1566 Sanetu,
876 1526 1035 1560 Alleluia.
1077 1527 1237 1560 Gloriosa
1260 1526 1392 1559 Donna.
1433 1527 1510 1559 Hoc
1527 1527 1619 1559 idem
1637 1527 1708 1560 alta
1723 1537 1812 1560 uoce
1829 1537 1972 1569 respon-

125 1582 287 1616 dentibus
306 1582 435 1624 pueris‚
459 1583 518 1626 qui
542 1587 640 1614 erant
662 1587 858 1624 presentes,

213 1635 406 1678 Imperator
429 1641 579 1668 castrum
603 1633 779 1679 quoddam
801 1635 837 1668 in
861 1634 982 1668 Sicilia
1005 1636 1100 1679 quod
1123 1634 1326 1668 Ceturbium
1351 1634 1488 1674 dicitur,
1512 1634 1579 1667 sibi
1602 1634 1733 1667 rebelle
1756 1634 1792 1666 ui
1815 1635 1907 1677 cepit
1938 1640 1973 1666 et

125 1689 306 1727 destruxit,
330 1696 363 1722 et
385 1689 518 1722 incolas
543 1689 587 1722 ad
611 1689 688 1722 loca
712 1688 878 1731 compulit
900 1689 969 1721 alia
986 1689 1185 1733 demigrare
1198 1687 1221 1720 ⁸.

214 1743 338 1776 Mense
362 1743 439 1776 Iulii
462 1742 647 1776 Bertoldus
660 1741 887 1775 Introducum
904 1743 1071 1786 Magistro
1088 1742 1268 1775 iustitiario
1283 1742 1487 1786 resignauit,
1506 1748 1541 1774 et
1563 1742 1637 1784 ipse
1654 1753 1731 1775 cum
1750 1743 1839 1775 duce
1863 1743 1972 1776 fratre

126 1807 187 1830 suo
209 1802 428 1830 assecuratus
450 1797 537 1830 abiit
560 1802 657 1829 extra
678 1796 852 1840 Regnum,
877 1807 946 1839 quo
969 1797 1113 1830 uoluit.
1091 1796 1102 1813 ⁹

213 1850 346 1885 Ciuitas
369 1850 491 1884 Gaiete
516 1849 561 1883 ad
583 1850 783 1883 mandatum
806 1850 898 1883 redit
920 1850 1152 1892 Imperatoris,
1176 1855 1211 1882 et
1234 1850 1464 1882 iuramentum
1489 1850 1667 1882 fidelitatis
1690 1850 1754 1883 sibi
1777 1855 1910 1893 prestat
1937 1856 1972 1883 et

59 1905 103 1938 ³0
124 1903 287 1938 Conrado
310 1903 381 1936 filio
404 1904 489 1936 eius.
533 1902 593 1936 Ad
616 1914 718 1946 quam
734 1903 869 1936 Hector
892 1904 936 1936 de
961 1902 1084 1935 Monte
1107 1903 1258 1936 Fusculo
1275 1902 1478 1935 iustitiarius
1493 1903 1604 1935 Terre
1628 1902 1776 1936 Laboris
1799 1904 1973 1937 accedens

123 1957 220 1991 iussu
241 1957 466 2001 Imperatoris
488 1957 637 1990 doanam
660 1957 806 1990 instituit
829 1957 866 1989 in
891 1967 943 1996 ea,
967 1963 1003 1990 et
1027 1957 1209 1990 consulatu
1232 1957 1385 2000 priuauit
1410 1957 1555 1989 eandem
1569 1956 1602 1989 ¹⁰.

31 820 38 883 ,ζ
66 833 105 865 ιο

14 1057 31 1098 3

25 1099 34 1118 '²
63 1097 102 1133 15

12 1622 27 1677 Ξ
60 1635 103 1669 2⁵

219 2078 242 2096 ι.
262 2071 297 2096 ad
316 2069 451 2096 Sanctum
471 2069 645 2096 Germanum
663 2071 872 2096 null’interlineo
890 2079 937 2096 con
956 2071 1085 2095 rx'chr‘amo
1106 2071 1171 2096 Cod.
1190 2083 1222 2088 -
1244 2077 1268 2102 4.
1287 2070 1370 2095 boum
1389 2070 1465 2096 Uen.
1483 2079 1497 2095 e
1516 2070 1579 2095 Dat.
1592 2070 1650 2101 1³23
1670 2071 1761 2096 multa
1774 2072 1855 2104 paria
1869 2072 1973 2097 bovum

127 2113 225 2139 Pam-z
245 2122 259 2138 e
279 2112 375 2139 Gaun.
395 2127 425 2131 —
449 2120 490 2144 ¹4·
509 2113 608 2138 debere
628 2114 783 2147 imperator
802 2112 921 2138 debebat
939 2113 1015 2138 Uou.
1037 2127 1066 2131 -—
1093 2120 1130 2145 ¹5·
1151 2114 1209 2138 Nel
1220 2113 1346 2146 margine
1360 2113 1493 2145 inferiore
1512 2113 1542 2138 di
1553 2113 1667 2138 sinistra
1679 2114 1705 2138 si
1722 2115 1755 2138 ba
1768 2113 1816 2138 ben
1829 2115 1972 2147 disegnato

129 2164 163 2181 an
182 2156 262 2181 abate
280 2164 327 2181 con
346 2156 431 2181 barba
449 2156 476 2180 in
496 2155 644 2181 dalmatica
662 2164 676 2180 e
694 2156 777 2180 mitra

0 2221 11 2244 εἰ

6 2245 16 2260 ‘
213 2251 220 2268 ⁴
241 2254 399 2279 Null’altro
418 2254 443 2279 sl
462 2261 492 2279 sa
511 2254 541 2279 di
561 2255 661 2286 questo
682 2255 847 2279 intervente
867 2255 895 2279 di
916 2253 1018 2279 Laudo
1073 2254 1086 2268 ‘⁴
1100 2261 1164 2286 1²33
1186 2256 1194 2278 i
1216 2254 1379 2279 Fiorentini
1401 2254 1517 2278 feciono
1536 2255 1642 2286 grande
1662 2256 1724 2279 oste
1743 2262 1829 2287 sopra
1849 2255 1876 2280 la
1897 2253 1969 2280 citta

0 2301 20 2330 {a
81 2300 97 2327 5
122 2297 211 2321 archr.
231 2297 260 2321 di
283 2297 415 2322 MessIna.
1074 2296 1126 2321 “di
1147 2297 1242 2326 siena,
1262 2305 1276 2320 e
1295 2297 1451 2321 assediarla
1471 2297 1547 2321 dalle
1567 2299 1610 2322 tre
1625 2298 1710 2329 parti,
1725 2305 1739 2321 e
1753 2305 1807 2322 con
1823 2298 1904 2322 molti
1927 2299 1969 2322 di-

0 2334 17 2353 ⁵⁵>
211 2337 222 2354 ²
241 2339 480 2364 Evidentemente
493 2339 536 2364 sta
549 2346 599 2371 per
615 2339 629 2352 ⁸
639 2339 760 2364 Ballone
770 2357 783 2371 η
800 2347 818 2364 ο
833 2339 846 2352 ¹‘
858 2340 981 2364 Ballono
993 2348 1016 2372 „;
1073 2340 1085 2353 ¹²¹
1096 2340 1155 2364 ficii
1175 2341 1204 2364 vi
1224 2340 1334 2372 gittaro
1354 2339 1457 2363 dentre
1477 2341 1568 2372 pietre
1587 2340 1672 2370 assai,
1687 2347 1702 2364 e
1714 2347 1764 2371 per
1778 2337 1828 2372 piu
1842 2341 1969 2372 dispetto

0 2375 10 2397 f
123 2382 160 2407 cs.
180 2389 207 2414 p.
229 2381 288 2411 182,
307 2389 335 2406 n.
353 2380 380 2407 6.
1074 2382 1113 2407 “e
1133 2389 1279 2415 vergogna
1299 2382 1327 2406 vi
1349 2389 1567 2413 manganarono
1582 2382 1667 2411 asini,
1680 2390 1695 2407 e
1709 2382 1782 2407 altra
1795 2382 1926 2407 bruttura
1938 2391 1967 2414 „;

210 2421 222 2439 ³
241 2423 378 2448 Federico
395 2423 423 2448 11
441 2430 530 2449 aveva
549 2431 695 2457 promesso
715 2424 737 2449 il
757 2425 886 2457 perdono
905 2425 933 2449 al
955 2424 1018 2449 Bai·
1072 2425 1108 2450 cf.
1127 2423 1289 2450 Grovnuu
1308 2424 1446 2453 V1LLAN1,
1469 2425 1605 2454 Croniche,
1624 2423 1748 2455 TrIeste,
1769 2424 1844 2457 1857,
1872 2426 1929 2450 vol.
1948 2425 1968 2455 1.

123 2465 194 2491 lono
213 2473 227 2490 e
247 2467 273 2491 ai
294 2467 358 2491 suoi
378 2467 542 2499 compagni,
561 2474 639 2491 come
658 2467 688 2491 lo
708 2474 797 2491 aveva
816 2474 962 2499 promesso
982 2467 1018 2492 ad
1074 2475 1100 2500 p.
1121 2466 1162 2498 78,
1182 2466 1231 2496 VI,
1253 2474 1276 2491 c.
1295 2473 1323 2490 x.

0 2501 8 2536 ἶ
64 2514 98 2534 ιο
124 2508 200 2533 altri·
238 2507 296 2533 Ben
315 2515 331 2533 ι
350 2509 470 2542 ragione
490 2508 590 2533 qunf
611 2508 706 2540 Com«,
728 2509 786 2533 Das
810 2510 945 2534 Zeitalter
969 2510 1019 2534 der
1161 2507 1172 2523 ⁶
1190 2507 1318 2540 Virgilio
1337 2507 1472 2540 apostolo
1491 2507 1565 2531 della
1586 2507 1732 2538 Carinis,
1752 2515 1825 2533 vesc.
1839 2508 1867 2532 di
1882 2508 1968 2532 Salis-

125 2551 329 2583 Hokcnstaufen
354 2551 382 2575 in
408 2551 532 2581 Sizilien.
552 2551 612 2581 cit..
638 2558 666 2584 p.
693 2558 750 2584 149,
777 2551 837 2576 cosi
858 2553 1020 2576 commenta

122 2594 214 2625 questi
233 2593 315 2618 fatti:
336 2593 398 2619 “So
417 2593 507 2618 bleibt
526 2593 614 2618 durch
634 2593 710 2618 diese
729 2594 785 2618 Tst
810 2593 862 2618 auf
877 2593 939 2618 dem
959 2593 1019 2618 An-

125 2635 139 2649 “
149 2635 260 2661 denken
279 2636 328 2661 des
346 2636 462 2661 Kaisers
474 2637 520 2661 ein
536 2636 616 2661 ulcht
629 2635 884 2661 auszuiosehender
897 2636 983 2661 Fleck
994 2654 1018 2668 η.

211 2679 223 2696 ⁴
241 2677 350 2707 Questa
369 2679 503 2712 imposta,
522 2678 646 2704 secondo
666 2678 694 2703 ln
715 2675 827 2711 quanta
846 2686 860 2702 e
879 2678 907 2703 la
929 2686 1018 2710 quan-

65 2726 95 2753 ¹5
122 2717 176 2744 tin
195 2718 270 2744 delle
287 2721 362 2745 terre
379 2719 540 2754 possedute,
560 2719 659 2744 invece
678 2718 724 2744 del
743 2720 868 2744 servizio
893 2719 1019 2744 militare

124 2762 154 2786 su
167 2761 245 2786 detta
259 2763 289 2787 in
301 2763 401 2794 questo
421 2764 516 2795 tempo
530 2763 544 2776 ¹¹
554 2770 606 2795 pro
620 2762 811 2786 adohamento
822 2780 847 2795 ᾗ,
859 2769 874 2786 e
887 2762 934 2787 dal
951 2766 1016 2794 1235

123 2805 154 2829 in
168 2804 218 2837 pol
232 2802 246 2816 ‘¹
257 2805 399 2836 generalis
412 2805 534 2830 collecta
545 2822 566 2836 ,„
581 2812 661 2829 come
673 2804 822 2838 ssppismo
836 2805 915 2829 dallo
928 2806 1019 2829 stesso

123 2847 156 2872 R.
176 2854 190 2871 e
209 2846 245 2872 da
264 2847 327 2872 vari
347 2847 526 2873 documenti:
549 2848 562 2861 ⁸
574 2848 707 2875 Berones.
734 2847 840 2872 milites
862 2848 891 2872 et
910 2847 1018 2877 clerici,

123 2890 137 2904 ⁸
146 2890 195 2921 qui
209 2890 429 2923 patrimoniaila
442 2891 549 2919 tenent,
562 2897 662 2915 omnes
680 2889 829 2914 conferent
843 2889 873 2914 in
887 2889 1017 2921 collecta,

62 2939 97 2959 20
126 2931 191 2957 “ita
210 2931 287 2964 quod
300 2932 409 2958 milltes
422 2933 546 2958 semotin
561 2940 613 2965 pro
628 2932 714 2957 feudo
728 2931 985 2957 addohnmenta...
996 2939 1019 2964 „;

124 2974 160 2999 cs.
179 2974 404 3004 Wnntsumim«,
423 2975 443 3007 Ι,
466 2982 493 2999 n.
512 2974 572 3004 813.
599 2983 625 3007 p.
645 2974 706 3007 631.

213 3016 224 3033 θ
240 3015 254 3030 “
265 3016 380 3042 Ancora
393 3017 470 3042 della
482 3025 583 3050 guerra
597 3017 627 3042 di
639 3017 733 3042 Slena⁴
759 3017 871 3042 L’anno
885 3025 1018 3050 appresso

1073 2551 1172 2583 burgo,
1192 2550 1209 2582 †
1231 2549 1291 2582 780,
1310 2555 1341 2582 ²7
1363 2557 1430 2574 nov.

1160 2591 1171 2608 ⁷
1191 2593 1262 2618 Vale
1282 2595 1381 2618 cantat
1401 2593 1427 2617 la
1447 2593 1546 2624 Tema,
1560 2600 1639 2618 come
1652 2601 1741 2618 usano
1755 2594 1766 2618 i
1779 2595 1901 2623 monaci,
1915 2601 1968 2618 con

1073 2637 1099 2661 le
1118 2636 1254 2661 antisone
1272 2643 1287 2660 e
1306 2636 1328 2660 il
1349 2637 1546 2668 responsorio.

1161 2677 1172 2694 ³
1195 2679 1327 2710 Centorbi,
1349 2678 1507 2711 Centuripe
1528 2680 1557 2702 in
1578 2686 1659 2711 prov.
1680 2679 1710 2703 di
1730 2678 1863 2704 Catania.

1161 2719 1173 2736 ⁹
1191 2721 1234 2746 Lo
1254 2721 1427 2746 ritrovlamo
1448 2721 1493 2745 nel
1514 2729 1585 2753 mag.
1609 2728 1675 2753 1234
1701 2729 1717 2745 a
1744 2721 1888 2753 Wimpsen
1914 2728 1969 2746 con

1073 2764 1178 2788 Enrico
1198 2763 1264 2792 VII;
1285 2764 1418 2792 Bonam,
1439 2771 1464 2788 n.
1485 2762 1564 2796 4318.

1161 2803 1183 2819 ⁴⁰
1203 2807 1310 2835 Doana,
1330 2806 1452 2836 Dabana,
1474 2806 1572 2835 diwan,
1594 2805 1658 2830 vale
1679 2806 1724 2829 nel
1745 2813 1828 2830 senso
1841 2806 1892 2830 che
1906 2813 1970 2838 que-

1072 2850 1115 2873 sta
1144 2847 1215 2873 citta
1244 2849 1275 2872 fu
1304 2850 1469 2880 sottoposta
1495 2847 1813 2872 all'amministrazione
1838 2849 1970 2880 generale

1073 2890 1150 2915 dello
1169 2891 1266 2916 Stato:
1287 2890 1322 2915 cs.
1343 2890 1374 2915 C.
1395 2890 1430 2914 A.
1453 2890 1580 2920 GARUFI,
1601 2889 1857 2915 Sull’ordinamaento
1877 2891 1970 2915 ammi-

1072 2933 1220 2958 m'strativo
1239 2935 1394 2958 Normanno
1413 2933 1439 2957 in
1461 2933 1567 2963 Sicilia,
1594 2933 1740 2964 Exhiquier
1758 2942 1772 2958 ο
1792 2934 1902 2962 Diwan,
1923 2934 1968 2957 Fi-

1072 2983 1162 3006 renze,
1181 2982 1243 3006 ¹901
1261 2975 1345 3008 (Estr.
1360 2975 1463 2999 Arch.
1477 2974 1523 2999 St.
1536 2974 1588 3006 It.)
1602 2982 1629 3007 p.
1646 2982 1676 3006 ¹4
1690 2983 1704 2999 e
1718 2982 1757 3007 sg.
1790 2975 1837 2999 Gli
1853 2976 1970 3000 accordl

1074 3017 1161 3042 fiasati
1182 3026 1235 3042 con
1256 3017 1354 3046 Gaetu.
1372 3018 1607 3042 con'intervento
1633 3017 1678 3042 del
1698 3024 1779 3050 papa,
1800 3019 1822 3042 si
1844 3017 1969 3051 leggono

1898 218 1967 253 185
1982 228 2057 253 Mum,
2073 234 2107 249 cc.
2123 234 2210 253 ιαμ-33

1994 831 2031 850 De
2052 831 2153 851 aduentu
2167 831 2211 850 Im-

2017 861 2055 883 per
2061 858 2143 879 alom's.

2062 1111 2082 1125 t.
2095 1110 2145 1130 ³77

1998 1634 2147 1655 centurbium
2169 1640 2205 1655 ca-

2021 1663 2093 1685 prtur.

1997 1850 2080 1870 Gaieta
2089 1850 2210 1874 Imperato-

2023 1877 2047 1897 ri
2058 1883 2082 1897 se
2097 1877 2182 1897 reddit.

1998 2346 2030 2372 25

1997 2561 2032 2586 30

1998 2769 2029 2796 35

1997 2986 2032 3010 40
