2320 3444
796 259 1083 295 CHRONICA
1807 260 1851 294 21
1908 271 1984 295 Mun..
1999 276 2019 291 c.
2034 275 2074 295 979

119 395 235 428 sunt
248 389 418 423 recedere
435 390 670 424 obsidentes.
647 390 658 408 ¹
701 391 803 424 Tunc
826 390 861 423 in
886 391 1056 424 descensu
1078 391 1206 424 montis
1223 397 1372 424 castrum
1386 391 1631 425 Plumbareole
1647 391 1740 424 idem
1756 392 1851 425 Mar·
1875 391 2008 439 Βῗζζζξξζο
2019 391 2096 411 ‘'lun‘'

134 443 259 488 igne
274 443 479 482 combussit3
503 449 536 476 et
557 444 698 477 rediens
721 444 758 476 in
775 443 905 477 Sancto
921 444 1132 482 Germano,
1123 455 1175 477 ira
1193 451 1394 484 commotus,
1409 445 1502 478 intus
1517 451 1552 478 et
1566 450 1666 478 extra
1682 445 1858 478 ciuitatem

175 514 192 525 ιι
223 503 258 530 et
279 488 496 541 tuguriorum
517 498 715 531 uastitatem
731 497 807 530 fieri
824 497 1004 536 mandans,
1027 502 1178 530 castrum
1202 499 1313 532 sancti
1330 499 1431 531 Helie
1447 498 1621 531 affidatum
1637 498 1857 538 combussit¹,

156 549 280 584 Sancti
303 550 470 584 Germani
493 557 528 584 et
549 552 663 584 menia
687 550 842 583 eiusdem
865 550 900 582 in
923 550 1099 593 plerisque
1122 552 1210 584 locis
1233 552 1344 584 euerti
1360 552 1447 585 fecit
1463 552 1509 585 ad
1531 552 1650 585 solum.
1696 552 1770 585 Illis
1786 552 1859 586 die-

110 604 121 645 j·
126 619 175 632 ·····
206 603 272 636 uiri
295 613 455 646 nequam.
478 604 538 647 qui
563 609 660 636 erant
682 613 760 636 cum
782 603 860 664 ipso
883 602 1102 642 Marcualdo,
1134 604 1291 637 facerent
1321 605 1356 637 in
1379 605 1505 638 ceteris
1527 605 1688 638 ecclesiis
1711 605 1801 638 sicut
1823 606 1859 638 in

118 651 128 658 ’
187 666 207 690 e
230 657 391 690 domibus
412 658 605 696 stationem,
627 663 663 690 et
684 668 746 690 sua
769 656 807 689 in
829 656 879 690 eis
901 656 1039 690 ludicra
1061 665 1278 697 exercerent,
1300 658 1366 701 ipsi
1388 659 1464 691 Deo
1487 665 1522 692 et
1545 659 1675 692 sanctis
1692 659 1766 692 eius
1789 670 1858 692 non

155 715 226 744 ·tur
246 711 388 744 iniurias
409 711 578 754 irrogare.
623 710 714 744 Nam
739 721 817 743 cum
847 710 893 743 de
925 710 1052 743 ceteris
1081 711 1247 744 altaribus
1276 718 1390 745 certas
1409 713 1648 750 extraxissent
1676 712 1898 756 rel1qu1as‚M
1888 712 2094 764 §JZ‘JYZZ-fiffa'

124 764 361 808 “predictis
383 764 516 797 uiolare
538 774 634 797 aram
657 764 759 797 beate
782 764 939 808 Uirginis
962 764 1198 807 attemptavit;
1223 766 1282 808 qui
1305 766 1418 799 statim
1433 766 1567 799 aridam
1593 767 1638 799 ad
1660 777 1698 799 se
1721 778 1858 799 manum

128 822 171 852 t.
215 818 318 852 Alter
341 829 419 851 cum
441 818 623 856 crucifixo,
646 818 705 861 qui
728 823 780 850 est
802 818 838 850 in
861 817 1013 850 ecclesia
1035 817 1157 850 Sancti
1173 817 1351 857 Germani,
1374 820 1484 862 primo
1508 830 1570 862 per
1591 819 1719 862 lapidis
1740 820 1857 863 ictum,

139 881 241 915 per
261 871 362 904 urine
386 871 611 904 iniectionem
640 871 676 903 in
698 871 809 913 ipsum
832 870 976 903 iniurias
997 881 1123 914 graues
1146 871 1304 912 inferret,
1327 882 1405 905 rosa
1427 873 1522 915 prius
1546 873 1708 907 dentibus
1730 874 1859 918 lingua,
1882 872 2022 921 M¹''s“¹‘{¹‘’”
2033 873 2090 893 Cm·

103 926 128 943 ’-
160 940 185 952 ι.
220 924 358 963 infelix,
381 924 489 957 uitam
511 924 625 957 statim
649 934 728 957 cum
751 929 863 956 morte
895 923 1013 956 finiuit.
1062 923 1170 963 Quod
1197 930 1329 957 tantum
1357 925 1422 968 ipsi
1452 925 1659 960 Marcualdo
1690 933 1857 960 terrorem

106 970 110 981 ⁴
191 978 287 1023 quod
309 979 404 1011 facta
427 977 678 1020 compositione
701 987 780 1010 cum
804 977 931 1011 abbate
955 978 1131 1020 predicto,
1154 984 1282 1011 terram
1306 980 1426 1012 exiens
1448 981 1645 1013 monasterii
1669 981 1724 1013 1x⁰
1746 987 1857 1014 stante

88 1029 122 1073 ’ζ’
143 1032 197 1072 rii,
219 1031 340 1066 habuit
361 1031 452 1065 malo
475 1031 592 1064 omine
614 1031 652 1066 in
674 1031 848 1065 anteriora
870 1042 1103 1075 progressum.
1905 1052 1918 1072 9
1932 1045 2040 1067 februarii

142 1091 332 1130 ·tempore
355 1085 563 1130 Ryccardus
585 1085 630 1118 de
653 1084 782 1129 Aquila
806 1086 994 1118 Fundanus
1016 1095 1143 1124 comes,
1166 1092 1205 1118 ut
1226 1085 1357 1119 saluam
1380 1087 1514 1120 faceret
1529 1093 1656 1120 terram
1679 1099 1785 1127 suam,
1803 1090 1856 1122 Si-

89 1133 119 1166 ἶ
132 1139 234 1174 fratri
257 1139 394 1172 comitis
415 1138 595 1183 Dyopuldi
616 1137 721 1171 filiam
743 1149 840 1171 suam
863 1138 964 1171 dedit
986 1139 1021 1170 in
1051 1138 1235 1183 coniugem
1247 1138 1270 1172 ³.
1317 1140 1420 1173 Tunc
1442 1141 1517 1183 ipse
1540 1141 1767 1174 Marcualdus
1798 1152 1855 1174 ca-

130 1191 373 1234 Pontincurui,
395 1193 594 1231 Teramum,
619 1192 786 1226 Sanctum
808 1191 992 1236 Angelum,
1019 1199 1054 1226 et
1077 1193 1262 1227 Castellum
1287 1204 1414 1227 novum
1438 1195 1504 1237 ipsi
1528 1196 1644 1228 comiti
1668 1196 1855 1239 Dyopuldo

78 1244 149 1289 [Ἣϋ
165 1247 339 1280 seruanda
361 1245 544 1280 commisit.

115 1305 126 1328 ³
135 1299 311 1346 yopuldus
331 1309 425 1338 uero,
439 1300 500 1343 qui
515 1300 630 1343 ipsum
645 1299 890 1334 Marcualdum
906 1299 1151 1338 antecedebat,
1175 1307 1210 1334 et
1226 1300 1432 1344 predicabat
1447 1308 1484 1334 ut
1500 1312 1618 1335 omnes
1633 1303 1677 1335 de
1693 1313 1802 1346 regno
1816 1314 1852 1336 se

85 1347 114 1399 ‚¹
131 1370 147 1381 r·
161 1353 323 1387 cualdum
346 1353 614 1387 conum-terent*
637 1359 674 1386 et
702 1353 803 1398 regni
825 1353 968 1386 ballium
991 1354 1145 1387 iurarent
1167 1355 1294 1395 eidem,
1317 1366 1338 1387 a
1362 1355 1533 1388 Guilelmo
1557 1355 1700 1389 Caserte
1732 1357 1856 1389 comite
1881 1363 2092 1388 CaptioDyotuldi·

151 1413 214 1447 est,
230 1414 267 1441 et
281 1407 436 1451 quandiu
450 1407 535 1440 uixit
550 1418 629 1440 eum
645 1407 756 1440 tenuit
770 1407 1000 1446 uinculatum3
1017 1413 1070 1440 set
1086 1418 1128 1441 eo
1145 1415 1289 1447 mortuo,
1307 1409 1501 1442 Guilelmus
1515 1410 1605 1442 filius
1620 1410 1695 1443 eius
1710 1416 1857 1453 accepta

91 1461 184 1502 ,eius
203 1461 241 1494 in
261 1470 414 1499 uxorem,
437 1460 585 1494 liberum
611 1461 742 1494 dimisit
771 1461 880 1494 illum.
927 1460 1154 1495 Marcualdus
1181 1471 1268 1495 uero
1300 1460 1345 1494 ad
1375 1461 1503 1505 Apulie
1527 1468 1643 1505 partes
1673 1473 1709 1496 se
1733 1463 1857 1496 confe-

90 1549 96 1558 ,
116 1512 330 1547 vAuellinum
360 1512 506 1554 obsedit,
528 1521 563 1547 et
594 1523 673 1547 cum
704 1514 828 1548 incolis
858 1514 1007 1548 ciuitatis
1030 1525 1067 1547 se
1092 1525 1316 1558 componens,
1347 1515 1506 1548 discessit
1528 1516 1572 1549 ab
1597 1516 1799 1554 obsidione:
1823 1522 1857 1550 et
1882 1523 1974 1544 Obsidrb
1982 1523 2091 1546 Av2111'm‘-

88 1567 212 1610 Jdens
241 1566 326 1600 inde
355 1566 541 1606 Uallatam,
572 1568 748 1611 quoddam
771 1567 895 1602 Casale
918 1568 1059 1610 Apulie,
1082 1569 1118 1601 ui
1148 1568 1242 1611 cepit
1272 1575 1308 1602 et
1338 1568 1408 1601 suis
1439 1569 1539 1602 dedit
1561 1569 1597 1602 in
1621 1570 1854 1613 direptionem
1881 1577 1961 1602 Capua
1978 1577 2076 1601 aalma.

93 1613 99 1626 ’
144 1636 151 1649 ·
191 1637 227 1654 ιι.
272 1621 374 1654 Tunc
397 1621 522 1654 Petrus
546 1620 668 1654 Celani
692 1631 811 1654 comes
834 1622 879 1655 de
901 1621 1035 1654 Marsia
1064 1621 1162 1655 uenit
1190 1622 1226 1655 in
1256 1622 1404 1655 Terram
1430 1623 1586 1656 Laboris.
1632 1623 1858 1658 Marcualdus

114 1675 167 1710 2‘de
190 1673 319 1718 Apulia
341 1685 403 1718 per
425 1674 665 1717 Capitanatam
687 1675 828 1708 rediens
850 1675 887 1708 in
905 1676 1082 1711 *comitatu
1113 1675 1247 1709 Molisii
1276 1676 1397 1710 Sernie
1424 1677 1615 1717 ciuitatem,
1648 1688 1725 1710 cum
1758 1688 1856 1711 exer·
1881 1684 1961 1710 capua
1975 1685 2063 1706 Sernie·

92 1730 117 1770 “,
141 1733 263 1763 tenere
285 1739 357 1762 non
387 1734 514 1771 posset,
545 1728 648 1762 bonis
670 1729 822 1772 propriis
851 1729 1023 1773 spoliauit,
1047 1736 1082 1762 et
1111 1730 1309 1773 procedens
1333 1741 1453 1763 uersus
1475 1731 1622 1763 Terram
1637 1731 1797 1771 Laboris,
1821 1740 1857 1766 et

97 1784 103 1790 ’“
124 1798 128 1807 ·
147 1799 163 1810 ι·
193 1781 409 1826 impugnans,
432 1791 560 1825 capere
583 1783 619 1815 ui
650 1793 719 1815 non
749 1783 862 1826 potuit
889 1783 993 1815 illam.
1041 1783 1178 1816 Exinde
1205 1784 1387 1817 Salernum
1418 1795 1456 1816 se
1488 1785 1645 1824 contulit,
1675 1797 1743 1830 que
1774 1793 1855 1819 tunc

119 1853 124 1863 ·
165 1835 353 1880 Dyopuldo
384 1835 544 1874 fauebat;
569 1841 604 1868 et
625 1836 706 1869 inde
737 1843 858 1879 parato
889 1837 1042 1880 nauigio,
1073 1837 1110 1869 in
1142 1837 1297 1870 Siciliam
1328 1839 1530 1871 transfretat
1544 1842 1566 1877 ⁵,
1590 1845 1624 1871 et
1647 1839 1854 1873 Panormum
1882 1839 2052 1863 Tr‘fi’fflst‘a‘

99 1906 129 1931 „⁴
145 1899 216 1927 ans,
240 1889 336 1922 facta
351 1890 600 1932 compositione
616 1899 694 1922 cum
713 1889 839 1923 comite
857 1890 989 1923 Gentili
1005 1891 1050 1923 de
1066 1890 1227 1923 Palearia
1240 1893 1252 1912 ⁸
1274 1902 1378 1934 quem
1395 1891 1595 1925 Gualterius
1617 1894 1717 1937 regni
1733 1893 1854 1927 Sicilie
1904 1868 1973 1915 ygh
1967 1868 2042 1915 ‘rm‘
2066 1874 2090 1888 m

87 2017 149 2055 ,ᾁὰ
165 2019 267 2046 Pontis
286 2020 384 2050 Curvi,
402 2022 507 2046 terram
525 2022 617 2046 sancti
637 2021 744 2055 Angell
762 2021 839 2047 Uen.
858 2035 891 2040 —-
912 2028 953 2055 17.
972 2023 1087 2047 comisit
1106 2023 1203 2047 Peru-z
1222 2036 1254 2041 —
1272 2029 1312 2053 ιι).
1323 2022 1520 2049 Marcualdum
1540 2026 1719 2050 coverterent
1732 2025 1808 2051 Uen.
1821 2040 1854 2044 —

128 2069 303 2096 componens
321 2063 420 2088 Psnrz
439 2077 472 2082 —
491 2069 534 2095 27.
553 2071 723 2098 oppugnans
741 2064 818 2090 Uen.
837 2072 851 2088 e
869 2063 967 2090 Gauu.
987 2077 998 2083 -
1015 2064 1165 2090 Salernum
1185 2073 1214 2090 se
1233 2066 1383 2091 conferens
1401 2065 1478 2091 Uen.

92 2161 105 2173 ““
129 2159 155 2186 n
174 2161 250 2187 fatto
269 2161 344 2187 delle
362 2162 535 2194 intemperie
554 2162 577 2187 si
597 2163 709 2188 rltrova
728 2163 817 2188 anche
843 2163 903 2188 nel·
959 2170 1050 2196 pensa
1069 2171 1138 2197 pure
1156 2164 1199 2189 W.
1218 2163 1316 2194 Cous,
1335 2166 1397 2190 Das
1417 2165 1553 2190 Zeitalter
1577 2166 1626 2190 der
1652 2166 1854 2197 Habenstaufen
1882 2173 1914 2200 ²5

89 2202 118 2221 ’ῑ-
132 2203 155 2230 t.
178 2203 225 2229 del
253 2202 270 2229 6
298 2211 392 2230 marzo
421 2204 613 2230 d’innocenzo
637 2205 693 2230 111:
722 2205 808 2231 “....
833 2206 904 2231 licet
956 2207 984 2232 in
1005 2205 1126 2236 Sizilien,
1144 2205 1263 2230 Breslau
1285 2212 1361 2238 1925,
1380 2214 1408 2239 p.
1427 2213 1471 2238 41.

96 2241 139 2269 ’Ἃι-
155 2245 234 2272 idum
259 2254 318 2271 non
343 2248 452 2280 poterit
476 2249 594 2280 propter
618 2247 833 2274 multitudinem
859 2249 904 2273 ni·
1045 2246 1056 2263 ⁶
1076 2248 1116 2272 Dl
1134 2248 1228 2280 questi
1248 2248 1314 2273 fatti
1333 2248 1367 2273 R.
1388 2256 1446 2273 non
1466 2247 1502 2274 da
1521 2249 1605 2274 alcun
1624 2250 1805 2282 particolare,
1819 2249 1853 2275 ne

108 2302 110 2305 ·
146 2289 360 2314 iuciementlam
378 2290 516 2322 temporis
535 2292 564 2315 et
588 2291 773 2323 asperitatem
791 2291 905 2315 viarum
959 2290 985 2314 le
1004 2289 1069 2314 date
1089 2297 1142 2315 son
1161 2291 1279 2323 precise.

135 2332 238 2356 utana
250 2332 380 2363 transire,
393 2331 519 2356 fautores
532 2334 628 2358 tamen
640 2334 668 2358 et
680 2333 835 2365 complices
844 2334 905 2358 eius
1044 2331 1055 2348 ⁶
1073 2331 1190 2358 Gentile
1209 2333 1238 2357 di
1258 2333 1387 2358 Palearia
1406 2335 1490 2359 conte
1510 2334 1538 2358 di
1559 2334 1739 2368 Monopello,
1752 2335 1783 2359 su
1798 2336 1853 2360 sra-

106 2373 167 2407 een
190 2374 374 2406 impugnavit
398 2377 426 2398 et
450 2375 588 2399 maiorem
612 2377 722 2408 partem
746 2382 842 2400 eorum
868 2376 904 2401 ad
957 2373 1029 2399 tello
1048 2375 1077 2399 di
1098 2374 1257 2406 Gualtiero,
1277 2383 1351 2401 vesc.
1371 2377 1399 2400 di
1420 2376 1509 2401 Troia
1529 2383 1544 2401 e
1563 2376 1739 2402 Cancelliere
1754 2378 1798 2401 del
1812 2386 1854 2402 re·
1881 2389 1915 2414 30

124 2415 202 2441 ·tem
221 2417 296 2449 regis
314 2417 343 2441 et
361 2416 547 2442 devotionem
564 2418 683 2443 ecclesie
694 2417 824 2443 Romane
837 2426 904 2443 con·
956 2425 1023 2450 gno.
1060 2417 1193 2442 Palermo
1213 2418 1243 2442 fu
1263 2426 1324 2443 resa
1343 2426 1360 2443 a
1372 2418 1539 2444 Marcualdo
1559 2420 1633 2444 assai
1654 2420 1731 2452 dopo
1746 2421 1774 2444 la
1793 2421 1852 2444 bat-

111 2469 128 2494 ς,
147 2457 206 2484 lmo
224 2458 354 2483 converti
374 2460 485 2492 exegit:
504 2460 545 2484 ita
558 2459 635 2491 quod
655 2461 795 2485 innovata
813 2459 904 2485 fiden-
957 2460 1048 2492 tagna
1067 2461 1096 2485 di
1115 2460 1263 2486 Monreaie
1282 2462 1327 2486 del
1349 2468 1380 2486 η
1401 2463 1459 2495 lug.
1483 2469 1557 2492 1200,
1579 2462 1656 2487 nella
1675 2463 1758 2494 quale
1777 2462 1852 2488 Gen-

104 2516 129 2534 αι
152 2500 190 2524 11
212 2500 304 2534 ipsius
322 2501 399 2532 quod
425 2508 509 2534 super
533 2502 626 2527 tutela
650 2502 743 2535 ipsius
768 2505 797 2528 et
821 2505 901 2535 regni
956 2503 1010 2528 tile
1028 2504 1053 2528 si
1072 2503 1134 2528 fece
1152 2504 1244 2528 molto
1269 2512 1366 2533 onore,
1392 2512 1472 2529 come
1497 2505 1634 2535 l'Amlm.
1658 2509 1700 2536 op.
1724 2506 1778 2538 cit„
1804 2506 1853 2536 111,

107 2542 226 2578 snobis
250 2542 414 2574 intendant,
444 2543 606 2568 iuramento
631 2546 753 2577 prestlto
777 2544 903 2570 firmaue-
956 2552 984 2578 p.
1009 2545 1057 2577 581
1085 2553 1100 2571 e
1119 2548 1197 2576 nota,
1215 2547 1252 2572 ha
1270 2547 1323 2572 ben
1351 2547 1472 2572 desunto
1498 2548 1575 2572 dalla
1600 2548 1701 2573 lettera
1726 2549 1752 2573 sl
1779 2556 1851 2581 papa

118 2583 122 2591 ”
956 2588 1219 2614 dell’Arclvescovo
1239 2589 1267 2614 di
1294 2590 1412 2622 Napoli,
1434 2591 1484 2614 che
1512 2598 1545 2615 ne
1565 2591 1595 2615 su
1615 2591 1768 2615 testimone
1787 2599 1851 2615 ocu·
1878 2600 1910 2627 35

99 2635 107 2659 g
128 2624 157 2653 S.
174 2626 240 2653 Elia
257 2627 288 2653 di
307 2627 511 2661 Flumerapldo
529 2629 561 2653 in
580 2636 661 2662 prov.
679 2629 710 2654 di
734 2629 903 2656 Froslnone.
956 2629 1028 2660 1are;
1049 2631 1176 2656 neuma
1195 2639 1259 2662 ecc.⁷
1283 2640 1310 2657 n.
1336 2638 1388 2665 540
1399 2642 1424 2657 a.
1461 2633 1526 2665 Egli
1554 2640 1612 2657 non
1640 2633 1668 2657 su
1694 2634 1751 2658 mai
1776 2634 1851 2658 nelle

93 2674 98 2702 J
111 2699 114 2705 ,
127 2667 152 2695 ΣΙ
171 2676 255 2694 nome
276 2669 306 2695 di
323 2670 436 2696 sifrido
456 2671 575 2696 insieme
593 2679 647 2696 con
671 2671 761 2704 quelli
780 2672 808 2698 di
827 2673 902 2699 Dio·
954 2675 1048 2707 grazle
1067 2675 1112 2700 del
1132 2676 1270 2708 pontefice
1289 2676 1451 2701 Innocenzo
1469 2676 1517 2706 111,
1541 2676 1590 2701 che
1614 2677 1657 2709 gli
1681 2677 1849 2702 attribuisce

94 2739 96 2741 ,
116 2716 151 2738 „e
165 2711 282 2743 Ottone.
307 2712 416 2739 Ottone
440 2714 470 2738 di
496 2714 637 2744 Lavlano‚
667 2714 814 2740 Ermanno
839 2724 853 2741 e
879 2716 901 2741 11
955 2717 1062 2749 perfino
1082 2717 1110 2742 la
1128 2718 1211 2750 colpa
1232 2718 1262 2742 di
1281 2725 1348 2742 aver
1367 2719 1469 2743 ceduto
1490 2719 1517 2743 la
1531 2715 1601 2743 citt&
1616 2719 1646 2743 di
1659 2719 1788 2744 Palermo
1802 2727 1851 2751 per

92 2749 114 2790 ,ἶ
136 2761 167 2779 ο
184 2754 213 2779 dl
233 2754 303 2780 Sora
320 2755 346 2780 si
364 2757 490 2781 trovano
509 2756 554 2781 fra
566 2757 607 2788 gli
622 2757 813 2782 scomunicati
827 2758 902 2783 nelle
955 2760 1070 2789 denaro,
1090 2760 1166 2784 nella
1185 2768 1234 2785 sua
1254 2761 1355 2786 lettera
1374 2761 1418 2785 del
1439 2760 1473 2785 26
1493 2763 1542 2785 set.
1564 2767 1641 2793 1201,
1657 2762 1686 2785 in
1713 2762 1792 2786 Gesta
1809 2763 1850 2787 In-

154 2812 157 2815 ·
176 2803 305 2822 --οοιιηο
324 2797 373 2829 ΙΙΙ,
391 2797 434 2823 ed.
453 2798 580 2827 Baluzio.
599 2798 690 2828 Parh,
711 2797 788 2829 1682,
807 2799 830 2831 1,
852 2808 900 2826 nn.
955 2802 1071 2827 nocentii
1091 2803 1147 2832 Ill,
1167 2803 1223 2835 cit„
1245 2811 1267 2828 c.
1288 2810 1321 2835 34
1339 2811 1354 2828 e
1373 2809 1406 2835 35
1429 2803 1555 2828 “Comes
1576 2811 1644 2828 vero
1665 2802 1790 2828 Gentius
1809 2812 1849 2829 re·
1877 2812 1912 2836 40

107 2836 136 2864 2>
159 2845 175 2863 e
193 2843 260 2871 5593
279 2839 330 2873 Ep.
347 2839 382 2872 Π,
411 2839 474 2872 1673
500 2841 666 2870 Pom-usar,
686 2842 760 2874 Raeg.
778 2842 833 2872 cia,
852 2850 901 2868 nn.
957 2844 1063 2879 “cepta
1087 2847 1219 2878 pecunia,
1246 2846 1333 2871 sicuti
1359 2846 1473 2879 publice
1498 2847 1652 2873 dicebatur.
1682 2849 1787 2871 turrem
1814 2848 1848 2872 ad

89 2883 154 2912 ης.
171 2879 233 2911 616.
251 2880 312 2908 818.
955 2887 1055 2912 “mare
1079 2887 1202 2912 tradidit
1227 2889 1402 2918 Marcualdu,
1425 2889 1552 2920 abiitque
1572 2889 1738 2914 Messanam.
1775 2889 1850 2914 Mar—

103 2941 106 2946 .
125 2920 164 2948 M·
183 2922 296 2953 Aum.
315 2924 389 2950 Stor.
408 2925 454 2950 dei
472 2925 646 2954 Musulmani.
665 2925 713 2957 111,
737 2931 796 2958 577,
823 2934 851 2952 n.
878 2934 901 2958 ι,
957 2928 1097 2954 “cualdus
1122 2937 1190 2954 vero
1214 2930 1388 2955 Panormum
1415 2930 1543 2955 obtinuit
1568 2931 1596 2955 et
1622 2932 1678 2955 tam
1709 2931 1848 2963 palatium

91 2971 101 3004 t
128 2965 186 2990 wil
216 2965 260 2990 sul
285 2967 377 2992 Breve
411 2967 555 2992 chronicon
581 2967 698 2993 Siculum
724 2968 901 2999 (kimmnn-
955 2969 969 2983 “
981 2978 1062 3003 quam
1083 2978 1174 3003 regem
1190 2973 1219 2996 in
1233 2980 1311 2997 susm
1325 2974 1494 3005 potestatem
1508 2974 1617 3004 accepit
1628 2982 1656 3005 ης
1672 2973 1707 2997 cs.
1721 2973 1849 2998 Bonus-„R

167 3007 227 3038 241,
245 3015 273 3040 p.
291 3007 365 3042 893),
385 3009 474 3042 opitu
493 3010 543 3034 che
567 3009 736 3035 Marcualdo
755 3011 798 3035 sla
825 3011 900 3036 abar·
953 3020 1018 3042 ecc„
1038 3020 1066 3038 n.
1086 3012 1135 3045 565
1147 3014 1175 3044 bg
1200 3013 1351 3038 SanPFER
1371 3015 1548 3045 Boxcnonsr,
1570 3014 1643 3039 trad.
1663 3014 1789 3047 Gmum,
1807 3018 1848 3047 op.
1875 3025 1908 3051 45

92 3047 331 3091 ffrobabllmente
361 3058 377 3076 a
403 3051 531 3085 Trapani
562 3052 686 3077 nell'ott.
716 3059 793 3085 1¹99·
830 3051 898 3078 Cosi
954 3055 1009 3086 cit„
1027 3062 1054 3087 p.
1075 3061 1126 3087 539
1145 3063 1159 3080 e
1179 3057 1249 3080 nota
1270 3063 1294 3087 4.
