2320 3444
404 249 451 284 :38
856 241 1133 279 RYCCARDI
1162 241 1230 274 DE
1258 238 1469 275 SANCTO
1499 235 1768 272 GERMANO
1823 288 1828 298 ι
1861 247 1877 258 X
2063 238 2113 275 [A.
2136 237 2242 275 1212]-

401 382 415 398 “
429 390 492 412 cue
516 385 551 411 et
572 379 720 410 inermes
740 376 907 409 recedere
929 374 1231 417 permicterentun

402 435 492 465 “nos
529 431 746 463 attendentes
781 429 817 461 in
856 429 922 461 hoc
952 438 1070 459 eorum
1103 427 1233 458 firmam

401 486 653 522 '‘uoluntatem,
684 493 801 515 eorum
833 482 924 514 uotis
957 479 1150 518 annuimus,
1184 479 1234 511 ita

400 539 414 556 ⁸
429 538 522 582 quod
545 536 710 568 medietas
733 535 894 575 omnium,
917 544 984 576 que
1007 533 1098 564 intus
1127 532 1234 565 habe-

401 593 561 628 “bantur,
584 589 621 621 in
644 594 775 631 partem
800 588 941 620 cederet
963 587 1055 629 regis
1082 584 1233 629 Arrago·
1319 584 1337 616 5

213 663 234 680 e.
247 663 305 678 nor
402 647 417 662 “
428 655 518 681 num,
540 649 574 675 et
588 642 721 684 reliqua
737 639 910 673 medietas'
928 640 963 671 in
979 644 1112 681 partem
1129 639 1234 670 ultra-

402 699 416 715 “
428 702 676 733 montanorum,
700 704 765 727 nec
785 693 881 726 nobis
897 702 964 724 nec
979 692 1087 725 nostri
1103 691 1234 734 aliquid

399 749 599 782 “noluimus
625 748 785 780 retinere.
830 746 900 789 Ipsi
929 751 1042 777 autem
1073 745 1167 787 apud
1197 755 1233 776 se

400 802 644 845 “propositum
673 801 860 833 retinentes
893 798 1118 842 repatriandi,
1149 798 1235 831 licet

402 858 416 874 “
430 856 589 889 dominus
611 855 705 887 Deus
729 853 887 886 exiberet
909 852 1008 885 nobis
1030 851 1176 896 gratiam
1199 857 1235 884 et
1301 852 1339 884 10

400 912 415 928 “
428 911 593 942 honorem
616 914 652 940 et
673 918 736 940 nos
758 907 809 940 eis
831 906 998 939 uellemus
1026 905 1140 937 omnia
1161 905 1235 937 suf-

401 961 646 995 “ficentissime
680 960 874 993 ministrare
909 958 1080 992 desiderio
1118 963 1233 990 tamen

401 1016 538 1058 “patrie
562 1015 684 1052 coacti,
710 1024 829 1046 omnes
851 1013 948 1057 signo
966 1012 1081 1045 crucis
1101 1011 1233 1049 relicto,

400 1071 414 1086 ‘⁴
428 1078 504 1100 cum
528 1068 790 1110 archiepiscopo
813 1065 1062 1109 Burdegalensi
1093 1070 1130 1097 et
1160 1064 1234 1108 epi-

400 1123 534 1164 “scopo
558 1121 771 1154 Nanectensi
800 1121 845 1152 ad
874 1119 1015 1162 propria
1045 1118 1234 1158 redierunt,
1301 1117 1337 1150 15

400 1175 509 1208 “licet
531 1173 770 1207 certitudinem
794 1174 839 1206 de
855 1173 947 1206 bello
964 1171 1234 1205 Sarracenorum
1270 1183 1275 1189 ·

399 1230 414 1247 '⁴
427 1228 642 1267 haberemus,
665 1227 819 1269 exceptis
841 1227 1025 1259 admodum
1040 1225 1160 1268 paucis
1175 1225 1235 1268 qui

401 1283 415 1299 “
429 1291 505 1314 cum
530 1280 748 1313 Narbonensi
770 1280 1031 1322 archiepiscopo
1061 1289 1234 1311 remanse-

401 1336 415 1352 “
428 1341 516 1374 runt,
540 1341 574 1367 et
597 1333 748 1367 Tibaldo
772 1334 816 1366 de
837 1333 978 1372 Glezon,
995 1333 1054 1375 qui
1070 1332 1234 1365 naturalis

401 1390 546 1421 “noster
567 1394 653 1427 erat,
676 1398 754 1420 cum
777 1387 845 1420 suis
861 1386 1064 1430 quibusdam
1081 1386 1158 1419 aliis
1172 1386 1234 1418 mi·
1296 1387 1339 1419 20

400 1442 545 1475 “litibus
574 1442 634 1484 qui
665 1447 765 1474 erant
795 1441 838 1474 de
868 1440 1028 1473 Pictauia
1041 1439 1061 1472 ¹.
1107 1440 1153 1472 Et
1187 1439 1235 1472 hii

401 1495 547 1527 “omnes
576 1495 635 1537 qui
665 1499 902 1527 remanserunt
932 1493 991 1526 uix
1022 1498 1121 1525 erant
1146 1493 1235 1526 inter

400 1551 415 1567 “
427 1549 552 1581 milites
574 1554 608 1581 et
630 1548 766 1590 pedites
789 1558 849 1580 CL:
866 1548 910 1580 de
925 1547 1100 1590 peditibus
1115 1557 1234 1580 eorum

398 1603 413 1618 “
427 1602 557 1634 nullum
580 1602 753 1634 remansit.
800 1601 958 1644 Cumque
987 1611 1049 1633 rex
1079 1599 1235 1644 Arrago-

400 1658 414 1673 “
427 1666 509 1687 num
542 1665 671 1688 moram
709 1655 845 1687 faceret
883 1654 975 1697 apud
1013 1654 1234 1687 Calatrauam
1297 1654 1338 1688 25

399 1711 414 1726 ‘⁴
427 1708 647 1752 expectando
659 1708 786 1741 milites
801 1718 879 1741 suos
895 1713 930 1741 et
944 1717 1063 1752 regem
1076 1708 1234 1740 Nauarre

399 1762 486 1805 “qui
508 1762 660 1794 nondum
675 1767 882 1804 peruenerat
905 1761 950 1793 ad
973 1771 1047 1800 nos,
1070 1771 1134 1793 nos
1157 1770 1235 1793 cum

400 1817 415 1833 ¹⁴
427 1815 552 1848 nostris
574 1815 803 1857 processimus
825 1820 862 1848 et
879 1814 1101 1857 peruenimus
1116 1814 1161 1847 ad
1178 1824 1235 1847 ca-

400 1871 533 1901 “strum
555 1868 704 1911 quodam
727 1868 821 1911 quod
842 1867 994 1901 Asarcos
1017 1868 1163 1906 dicitur;
1193 1868 1234 1900 il-

399 1922 486 1955 “lud
509 1928 670 1962 castrum,
702 1922 783 1955 licet
813 1922 903 1955 bene
933 1922 1100 1955 munitum
1133 1929 1234 1962 esset,
1298 1923 1340 1955 30

398 1978 413 1993 “
426 1976 593 2018 cepimus3
617 1981 652 2008 et
675 1976 742 2008 alia
759 1977 821 2009 tria
838 1982 951 2009 castra
967 1987 1112 2019 quorum
1129 1987 1234 2009 unum

399 2029 558 2062 “dicitur
587 2029 771 2068 Caratona‚
802 2030 896 2062 aliud
931 2029 1170 2063 Beneuentum
1201 2036 1236 2063 et

401 2082 522 2115 “aliud
544 2082 751 2116 Petrabona.
796 2083 880 2116 Inde
902 2084 1134 2126 procedentes
1156 2094 1235 2127 per-

397 2136 411 2152 “
429 2136 584 2168 uenimus
618 2137 663 2169 ad
695 2137 977 2175 Saluamterram,
1012 2136 1131 2180 ibique
1158 2148 1236 2180 per-

402 2190 523 2221 “uenit
545 2190 590 2221 ad
613 2200 674 2222 nos
697 2201 759 2222 rex
789 2189 1018 2234 Arragonum,
1049 2191 1108 2234 qui
1140 2190 1236 2223 duxit
1299 2189 1339 2222 35

402 2243 416 2259 “
430 2242 464 2273 in
481 2244 669 2275 exercitum
684 2243 750 2275 nisi
765 2244 893 2276 milites
908 2254 1107 2287 generosos,
1124 2250 1158 2276 et
1174 2255 1236 2277 rex

401 2297 415 2312 “
430 2296 585 2328 Nauarre
609 2297 669 2338 qui
692 2297 761 2329 dux
786 2296 851 2329 fuit
873 2296 917 2329 de
941 2298 1011 2329 suis
1035 2297 1110 2339 plus
1132 2308 1236 2340 quam

401 2350 415 2366 “
430 2349 474 2381 de
497 2349 656 2382 ducentis
680 2349 844 2382 militibus
860 2350 1050 2383 comitatus.
1096 2351 1142 2383 Et
1156 2351 1237 2394 quia

401 2403 415 2419 “
428 2412 489 2434 rex
512 2402 782 2436 Sarracenorum
803 2403 885 2436 item
901 2405 1018 2437 uicino
1036 2411 1108 2436 erat
1124 2403 1236 2443 nobis,

398 2454 413 2470 ‘⁶
427 2453 695 2487 Saluamterram
732 2456 902 2489 noluimus
940 2467 1153 2500 expugnare,
1185 2463 1235 2490 set
1299 2459 1340 2491 40

400 2508 657 2549 “procedentes
680 2515 798 2541 contra
822 2510 1093 2542 Sarracenorum
1123 2510 1235 2542 multi-

401 2562 415 2577 “
427 2560 582 2593 tudinem
599 2562 818 2603 peruenimus
834 2563 879 2594 ad
896 2563 1045 2605 quedam
1061 2570 1235 2606 montana,

399 2613 463 2644 “in
486 2613 610 2656 quibus
632 2625 701 2647 non
723 2620 797 2647 erat
820 2616 982 2648 transitus
999 2615 1063 2648 nisi
1078 2616 1113 2648 in
1130 2616 1236 2650 certis

402 2665 530 2704 “locis3
566 2677 715 2710 cumque
750 2678 811 2700 nos
845 2678 997 2702 essemus
1031 2670 1075 2701 ad
1109 2670 1235 2712 pedem

487 2818 527 2844 19·
544 2812 683 2836 'ribaldus
703 2813 766 2839 Coei.
785 2826 817 2831 -
837 2818 880 2845 27.
898 2815 1028 2846 perverat
1052 2811 1113 2847 (sic)
1137 2813 1235 2840 GAUn.

398 2866 430 2869 —
450 2860 493 2885 35.
512 2856 640 2878 nostrum
660 2854 755 2879 Gaui).
774 2867 806 2871 -
825 2862 868 2888 37.
888 2857 938 2880 vix
962 2855 1060 2881 Gaun.
1080 2869 1111 2873 —
1131 2863 1174 2889 39.
1194 2858 1233 2881 im

398 2899 534 2920 mancante
553 2897 598 2920 del
613 2905 695 2929 segno
714 2898 946 2922 d’abbreviazn'onae
969 2897 1029 2923 eod.

485 3032 492 3048 ¹
512 3034 645 3065 Poitiers,
665 3036 710 3061 nel
728 3036 834 3062 Poitou
853 3036 883 3060 in
907 3037 1034 3062 Francia.
