2320 3444
131 235 206 260 Mun„
221 236 351 259 cc.1016—17
373 225 442 260 164

131 462 200 483 σφεα
214 461 241 481 de
257 462 341 481 Roma-

155 494 194 508 ma
209 495 259 508 cum
273 488 343 508 omni-

153 516 193 534 bus
203 516 235 535 ad
244 515 342 539 Impera-

153 544 224 562 torem
239 541 341 563 ueniunt.

125 1045 262 1066 Albanensr'r
295 1045 339 1069 epi-

146 1074 250 1096 scopatus
260 1072 287 1091 de
296 1073 339 1091 Ca-

146 1100 195 1119 sino
223 1099 338 1119 descendit

132 1132 202 1151 usque
210 1126 241 1146 ad
249 1126 337 1147 Urbem.

124 1526 251 1550 Imperator
263 1526 339 1550 Caput

149 1554 228 1572 natale
246 1552 341 1572 Domini

149 1580 251 1600 celebra!
255 1595 260 1601 .

126 1794 233 1815 Custodes
253 1794 276 1813 in
296 1793 338 1814 Ca-

152 1821 202 1841 sino
213 1822 337 1846 ponuntur.

304 2516 336 2534 10

305 2723 334 2749 15

302 2932 336 2950 20

813 220 1103 256 RYCCARDI
1131 219 1204 254 DE
1233 219 1453 255 SANCTO
1485 219 1762 256 GERMANO
1903 226 1987 262 [ΑΛ.
2007 225 2203 261 1229-12301

365 296 1969 306 μ-ηῃ,,μμ-Π,,,,,,,,,,,,,,,,,,,,,,,,,.......«.....,.-...-.-......4......-...........--..---....-..---...---..»....-..----.-------,,----,.----,.--..--.---..-..-η-η...
1970 295 2199 302 ........................

364 356 541 399 Aquinum
566 365 645 386 cum
668 354 780 385 forma
805 352 1007 390 concordie,
1020 351 1094 383 11110
1115 357 1227 383 stante
1251 351 1379 383 mensis
1403 351 1620 390 Nouembris,
1644 357 1678 384 et
1699 351 1820 384 eodem
1845 351 1902 384 die
1926 362 2005 384 cum
2026 351 2101 396 ipso
2125 362 2200 384 car-

366 409 482 441 dinale
505 419 540 440 se
565 406 708 439 contulit
730 411 814 447 aput
838 404 1001 437 Sanctum
1025 404 1236 437 Germanum
1252 403 1273 437 ¹.

453 462 504 493 De
528 459 699 492 Romania
723 458 862 500 quidam
880 458 985 490 Greci
1011 467 1088 489 cum
1112 458 1294 491 dextrariis
1318 458 1352 490 in
1369 457 1461 490 sellis
1479 464 1513 490 et
1536 457 1645 490 frenis
1668 458 1782 490 aureis
1798 463 1832 490 et
1849 468 1927 491 cum
1942 458 2066 501 pannis
2082 457 2204 491 sericis

365 525 448 546 auro
471 513 583 553 textis,
608 518 642 544 et
666 521 743 543 cum
766 510 958 542 innumeris
981 510 1094 542 aureis
1116 511 1273 550 nummis,
1298 522 1365 554 que
1388 510 1456 553 ipsi
1481 511 1684 554 Imperatori
1708 517 1951 554 representant
1980 511 2093 554 pridie
2123 517 2203 544 ante

362 568 487 599 exitum
512 565 641 597 mensis
664 563 873 596 Nouembris
896 564 941 596 ad
964 563 1075 606 ipsum
1099 564 1346 607 Imperatorem
1370 571 1549 597 uenerunt.

449 619 551 651 Tunc
575 618 677 649 etiam
701 617 816 649 littere
839 617 933 648 facte
956 622 1035 649 sunt
1058 626 1120 659 per
1142 617 1391 660 Imperatorem
1415 618 1459 650 de
1490 617 1694 650 remissione
1726 618 1872 656 offense,
1902 618 1931 650 si
1960 627 2064 661 quam
2094 617 2203 651 abbas

360 674 493 705 fecerat
515 671 571 702 uel
594 670 756 703 monachi
779 669 986 702 Casinenses
1016 677 1094 712 post
1123 670 1212 702 inter
1242 671 1353 713 ipsum
1383 677 1416 703 et
1446 681 1571 713 papam
1604 677 1714 703 ortam
1745 671 1964 704 discordiam.
2010 670 2055 703 Et
2085 670 2201 704 littere

362 726 428 757 alie
453 725 497 756 ad
521 724 677 756 homines
707 723 858 760 abbatie,
887 729 925 755 ut
955 723 1044 755 sicut
1074 724 1168 765 prius
1197 723 1314 757 abbati
1346 730 1380 757 et
1410 724 1590 756 monachis
1620 724 1870 757 Casinensibus
1899 724 2135 766 respondeant
2165 729 2201 757 et

361 778 553 810 intendant.
599 777 745 808 Terram
768 782 871 808 totam
896 781 930 808 et
953 777 1032 808 loca
1054 777 1256 809 monasterii
1280 776 1490 820 ubicumque
1514 788 1577 820 per
1607 776 1766 821 Regnum
1797 777 1910 819 posita
1941 778 2015 810 Deo
2040 783 2075 811 et
2097 776 2200 810 beato

362 831 555 863 Benedicto
578 829 779 862 restituit'2.

446 885 570 917 Dictus
591 883 802 915 Albanensis
826 883 1014 926 episcopus
1030 884 1176 917 consilio
1200 890 1234 917 et
1256 885 1414 917 suasione
1437 884 1609 917 dictorum
1632 884 1823 918 cardinalis
1847 890 1882 917 et
1903 884 2059 928 magistri
2078 884 2202 916 domus

360 939 552 980 Hospitalis
575 937 882 976 Teoutonicorum,
906 938 1128 979 permittente
1150 939 1374 980 Imperatore,
1398 949 1476 970 cum
1501 939 1678 981 Aquinate
1702 944 1737 971 et
1760 937 1999 981 Aliphanense
2016 937 2202 981 episcopis,

360 1000 394 1025 et
418 1003 495 1024 cum
520 991 706 1033 Campanis
730 990 894 1023 militibus
918 991 976 1033 qui
1000 1001 1037 1023 se
1061 1001 1140 1023 cum
1162 991 1258 1034 ipsos
1273 991 1465 1025 Albanensi
1482 992 1651 1034 episcopo
1675 992 1713 1023 in
1737 991 1864 1024 Casino
1881 996 2100 1034 receperant,
2115 991 2203 1023 salui

362 1051 508 1082 exeunt3
531 1051 564 1077 et
587 1051 670 1077 tunc
693 1043 848 1077 reddidit
871 1043 954 1086 ipsis
984 1044 1160 1087 episcopis
1189 1056 1286 1077 suam
1315 1047 1461 1090 gratiam
1486 1046 1690 1088 Imperator,
1721 1051 1756 1078 et
1786 1045 2032 1078 monasterium
2062 1054 2104 1077 ac
2127 1050 2201 1078 tota

361 1106 454 1131 terra
476 1109 538 1130 sua
562 1108 644 1130 cure
669 1097 895 1130 committitur
919 1098 1075 1141 magistri
1098 1098 1219 1131 domus
1242 1098 1514 1131 Alemannorum
1538 1099 1711 1141 predicti3
1736 1099 1795 1142 qui
1820 1099 2007 1142 quemdam
2030 1099 2074 1132 de
2095 1098 2202 1132 domo

361 1163 422 1185 sua
444 1152 588 1184 fratrem
614 1151 833 1183 Leonardum
863 1158 1126 1193 procuratorem
1156 1151 1336 1184 constituit
1366 1153 1506 1184 nomine
1536 1163 1597 1185 suo
1628 1162 1738 1195 usque
1770 1152 1817 1185 ad
1847 1152 1996 1184 reditum
2028 1162 2126 1185 suum
2155 1151 2200 1185 ab

360 1206 466 1239 Urbe.
501 1206 559 1238 Ad
582 1216 682 1248 quam
705 1204 781 1246 ipse
805 1205 969 1248 magister
985 1205 1106 1238 domus
1121 1205 1394 1238 Teutonicorum
1419 1206 1542 1238 iterum
1568 1206 1667 1239 uadit
1681 1206 1775 1238 iussu
1791 1206 2014 1249 Imperatoris
2036 1217 2107 1239 una
2122 1216 2201 1239 cum

359 1259 550 1292 Albanensi
574 1259 737 1300 episcopo
761 1268 825 1300 pro
849 1257 1055 1300 quibusdam
1088 1258 1259 1301 capitulis,
1289 1269 1354 1302 pro
1386 1259 1510 1302 quibus
1541 1259 1632 1292 inter
1662 1259 1773 1301 ipsum
1804 1266 1839 1293 et
1870 1259 2049 1292 dominum
2072 1269 2200 1302 papam

362 1313 538 1346 discordia
562 1318 646 1344 erat.

448 1366 550 1397 Tunc
570 1365 607 1396 in
631 1364 788 1397 Uenafro
813 1364 934 1397 Sernia
957 1371 992 1398 et
1022 1365 1143 1398 Teano
1174 1365 1374 1408 pecuniarie
1406 1366 1610 1399 exactiones
1634 1366 1731 1405 fiunt,
1758 1366 1971 1409 Imperatore
2001 1366 2199 1400 mandante.

359 1419 399 1451 In
423 1418 551 1451 Sancto
575 1419 749 1451 Germano
773 1424 807 1450 et
830 1429 894 1461 per
918 1424 1025 1451 totam
1047 1418 1221 1452 abbatiam
1245 1429 1382 1451 annona
1405 1430 1469 1461 pro
1493 1420 1591 1463 equis
1614 1420 1838 1462 Imperatoris
1861 1420 2012 1463 exigitur
2034 1430 2055 1452 a
2084 1430 2201 1452 came-

361 1474 461 1505 rariis
485 1472 651 1505 ordinatis
674 1472 718 1504 ab
743 1482 796 1510 eo,
820 1472 977 1514 superius
1000 1472 1184 1506 nominatis
1206 1473 1250 1505 ab
1274 1473 1444 1505 uniuersis
1467 1473 1606 1505 clericis
1630 1479 1722 1505 terre
1745 1473 1855 1506 sancti
1879 1472 2075 1507 Benedicti.

448 1525 615 1569 Magister
639 1525 794 1557 Thomas
817 1524 1006 1558 cardinalis
1029 1526 1073 1558 de
1105 1524 1232 1558 Sancto
1263 1526 1437 1559 Germano
1469 1537 1505 1558 se
1529 1536 1684 1565 mouens,
1716 1527 1814 1560 uadit
1845 1525 2003 1559 Suessam
2015 1526 2038 1560 ⁸.
2085 1527 2199 1570 Impe-

360 1585 456 1612 rator
480 1579 661 1611 contendit
683 1579 852 1621 Capuam,
877 1579 937 1612 ubi
960 1589 1039 1612 cum
1062 1579 1197 1622 ingenti
1220 1579 1350 1623 gaudio
1374 1580 1489 1612 natale
1513 1580 1654 1612 Domini
1678 1579 1846 1613 celebrat.
1892 1580 1938 1613 Et
1959 1586 2044 1613 tunc
2074 1581 2201 1614 multos

359 1633 403 1665 de
427 1632 522 1671 Sora,
546 1633 605 1676 qui
629 1632 759 1675 captiui
783 1632 990 1666 tenebantur
1012 1632 1153 1672 ibidem,
1175 1643 1236 1666 sue
1259 1632 1412 1666 reddidit
1435 1633 1599 1666 libertati.

449 1740 638 1773 Millesimo
660 1739 868 1774 CC⁰XXX⁰.
914 1741 1034 1773 Mense
1062 1740 1212 1773 Ianuarii
1242 1741 1437 1783 Imperator
1458 1752 1522 1784 per
1545 1742 1727 1785 quemdam
1751 1742 1895 1775 fratrem
1919 1741 2132 1775 Sembottum
2156 1742 2200 1775 de

359 1794 463 1828 domo
487 1794 764 1827 Teutonicorum
775 1795 798 1833 ⁴,
822 1795 963 1827 mandat
986 1795 1082 1828 dicto
1110 1795 1209 1828 fratri
1234 1794 1420 1828 Leonardo
1442 1796 1662 1837 procuratori
1684 1794 1878 1835 Casinensi,
1901 1796 2024 1829 relicto
2048 1807 2068 1829 a
2090 1796 2201 1839 magi-

359 1855 432 1882 stro
455 1849 578 1882 domus
601 1847 886 1888 Teutonicorum,
909 1854 948 1880 ut
971 1849 1015 1882 de
1038 1847 1166 1882 Sancto
1190 1847 1365 1881 Germano
1389 1855 1424 1881 et
1446 1849 1514 1881 alia
1530 1854 1622 1881 terra
1644 1850 1844 1882 monasterii
1863 1859 1912 1883 x1.
1927 1850 2074 1893 eligeret
2087 1849 2200 1883 homi-

360 1913 420 1935 nes
443 1903 489 1935 ad
512 1903 706 1935 custodiam
728 1901 927 1936 monasterii
950 1902 1144 1935 Casinensi.
1192 1902 1263 1941 Qui
1289 1902 1382 1935 iussu
1413 1902 1635 1945 Imperatoris
1664 1913 1724 1936 eos
1756 1903 1872 1947 elegit,
1904 1909 2122 1937 sacramento
2153 1901 2199 1936 ab

362 1957 411 1989 eis
434 1956 577 1999 prestito
600 1956 664 1989 sub
687 1957 754 1989 hac
778 1957 910 1990 forma:

451 2076 490 2094 ιι.
510 2069 699 2094 cardinalium
719 2069 794 2094 Uen.
814 2078 828 2094 e
845 2069 910 2094 Dm.
928 2068 972 2094 Re
990 2083 1023 2087 —
1046 2075 1085 2094 12.
1105 2069 1228 2094 Alifano
1247 2069 1324 2094 Uen.
1343 2078 1357 2094 ε
1375 2069 1438 2094 Dm.
1456 2069 1516 2100 Κεὶς
1536 2069 1664 2102 Aliphan
1686 2071 1751 2095 Cod.
1775 2083 1809 2088 —
1835 2070 1877 2095 26.
1901 2070 2082 2096 Sembostum
2105 2069 2198 2101 utum

359 2111 569 2136 Seimbachtum
589 2111 653 2137 Dm.
670 2111 715 2136 Ra

449 2209 458 2225 ¹
484 2210 547 2234 Vita
572 2210 704 2242 Gregorii
725 2210 772 2234 IX
785 2213 887 2241 papae,
912 2216 1072 2243 12²7-n4o,
1099 2210 1131 2235 ln
1149 2210 1255 2235 Muna-

361 2258 442 2280 rom,
464 2252 528 2276 RR.
551 2252 589 2276 ll.
609 2252 668 2282 SS„
689 2251 738 2283 111,
758 2257 817 2284 557.
855 2252 1062 2286 L’imperatore
1074 2259 1165 2277 aveva
1178 2260 1254 2277 man-

361 2295 430 2319 dato
448 2294 476 2318 al
495 2302 568 2328 papa
588 2295 610 2319 11
625 2296 749 2320 Maesti-o
764 2295 934 2320 dell’ordine
948 2296 1109 2320 Teutonico
1123 2302 1177 2320 con
1191 2302 1255 2328 pro-

360 2338 440 2369 getto
459 2337 490 2361 dl
509 2345 576 2369 pace
596 2338 722 2368 (formam
740 2337 898 2370 concordie).
936 2328 956 2362 1³⁴:
975 2338 1103 2363 inesatto
1123 2336 1191 2370 pero
1204 2338 1255 2362 che

361 2379 523 2410 Tommaso,
536 2380 682 2404 cardinale
695 2380 723 2404 di
744 2380 771 2405 S.
789 2380 897 2405 Sabina
916 2387 931 2405 e
950 2380 1057 2405 celebre
1071 2380 1084 2394 ¹
1094 2380 1222 2405 dictator
1232 2397 1254 2411 m

363 2421 437 2445 fosse
460 2424 568 2446 venuto
593 2421 818 2455 all’lmperatore
845 2422 932 2447 “cum
957 2422 1050 2447 forma
1075 2422 1254 2453 concordie„

362 2463 493 2489 stabilita
513 2464 560 2488 dal
580 2471 663 2497 papa.
698 2465 723 2489 11
745 2470 777 2497 27
804 2472 869 2490 nov.
897 2465 919 2489 11
944 2465 1074 2490 cardinal
1099 2465 1195 2498 legato
1220 2465 1255 2489 ed

362 2504 506 2530 Ermanno
524 2505 554 2530 di
574 2505 651 2531 Saltz
666 2513 724 2531 non
738 2508 898 2531 trovarono
910 2507 1107 2540 l’lmperatore
1120 2508 1149 2531 in
1163 2505 1255 2539 Aqui-

362 2554 399 2571 no
420 2555 434 2571 e
453 2548 478 2572 si
498 2555 636 2573 recarono
656 2556 671 2573 a
689 2549 818 2574 trovarlo
839 2550 868 2573 in
889 2547 916 2574 S.
935 2549 1089 2575 Germano.
1127 2549 1160 2574 V.
1185 2550 1255 2573 nota

363 2592 507 2623 seguente.

448 2631 459 2649 ²
478 2633 501 2657 11
521 2633 650 2658 cardinal
675 2634 781 2667 legato,
807 2641 887 2659 come
912 2641 1017 2666 upeva
1042 2634 1072 2659 lo
1092 2636 1182 2659 stesso
1203 2634 1253 2658 lm-

361 2677 498 2707 peratore,
519 2674 532 2688 “
543 2676 653 2701 nullius
672 2677 835 2710 potestatis.
846 2695 851 2701 .
862 2695 868 2701 .
881 2695 886 2701 .
901 2677 1064 2709 potenciam
1076 2695 1088 2709 „
1103 2683 1193 2702 aveva
1206 2684 1256 2708 per

361 2717 559 2750 conchiudere,
581 2716 674 2743 sicche
692 2718 719 2743 le
744 2720 895 2744 trattative
921 2719 949 2743 di
976 2726 1044 2751 pace
1069 2719 1213 2743 durarono
1238 2726 1253 2742 a

362 2760 465 2792 lungo;
495 2761 533 2784 cf.
560 2760 641 2786 CARI.
667 2761 860 2792 Ronaumzno,
888 2762 944 2787 Die
977 2762 1253 2794 Vorvaenhandlungen

361 2810 419 2826 zum
439 2803 556 2827 Frieden
576 2812 626 2828 von
647 2805 675 2829 S.
696 2805 830 2829 Germano
849 2811 971 2837 1229-30,
991 2805 1020 2828 ln
1042 2804 1160 2828 Neues
1185 2803 1253 2828 Ar-

363 2845 448 2869 cth
469 2845 531 2870 der
549 2844 818 2872 Gesellschaft
846 2845 905 2871 fiir
924 2846 1047 2872 altere
1071 2846 1254 2871 deutsche

363 2885 572 2912 Geschichts
592 2896 608 2912 u
619 2888 683 2913 rku
694 2897 710 2912 n
720 2889 736 2913 d
747 2896 796 2918 en,
809 2889 973 2918 Hannover,
991 2889 1066 2921 1892,
1080 2888 1139 2914 vol.
1152 2887 1253 2918 XVIII,

363 2936 389 2960 p.
406 2929 461 2954 181.
493 2930 536 2954 Da
549 2932 646 2962 queste
659 2931 758 2956 lettere
772 2931 818 2956 del
830 2931 977 2956 cardinale
989 2931 1142 2956 Tommaso
1155 2930 1187 2955 di
1199 2931 1253 2956 Ca·

362 2978 426 3002 pua,
445 2971 584 3003 ripen-tate
598 2973 675 2997 nella
696 2973 803 2998 Summa
822 2974 983 3002 dictaminis.
1004 2974 1106 2998 scritta
1126 2972 1253 2998 nell'Ita-

364 3013 404 3037 lia
425 3012 614 3039 Meridionale
639 3022 653 3038 e
678 3023 750 3047 poco
776 3016 854 3048 dopo
879 3017 901 3041 il
932 3023 997 3050 ¹²51
1021 3017 1195 3050 trasportsta
1220 3016 1252 3040 ln

1307 2210 1440 2241 Francia,
1461 2209 1474 2222 “
1486 2209 1585 2235 Codex
1603 2210 1777 2243 Remensis„
1802 2217 1868 2244 1043
1889 2210 1973 2243 (743),
1992 2212 2016 2235 sl
2031 2210 2145 2236 desume
2159 2211 2203 2236 fra

1308 2252 1407 2277 l’altro
1426 2251 1500 2285 (doc.
1520 2251 1552 2277 82
1574 2253 1630 2278 col.
1648 2254 1663 2277 b
1682 2253 1713 2278 di
1733 2260 1766 2286 42
1778 2251 1804 2285 r)
1824 2253 1874 2278 che
1892 2253 1915 2278 11
1940 2253 2070 2278 cardinal
2096 2253 2202 2286 legato,

1307 2295 1457 2320 recandosi
1478 2303 1493 2320 a
1513 2295 1612 2320 Monte
1639 2295 1762 2320 Cnssino
1788 2303 1876 2321 aveva
1901 2297 2019 2321 trovato
2037 2296 2060 2321 il
2078 2302 2202 2321 vescovo

1307 2337 1451 2362 d’Albano
1473 2338 1588 2362 “multa
1608 2338 1760 2363 debilitate
1777 2338 1948 2371 collapsum,
1966 2338 2057 2363 multa
2082 2338 2202 2363 infirmi·

1310 2378 1323 2392 “
1334 2381 1392 2405 tate
1411 2382 1560 2412 gravatum
1572 2389 1602 2412 ης
1623 2388 1672 2414 per
1691 2381 1718 2405 la
1737 2381 1820 2412 quale
1839 2382 1967 2414 ragione,
1981 2380 2048 2413 egli,
2063 2379 2078 2394 ‘¹
2088 2381 2122 2405 de
2134 2387 2203 2406 con-

1309 2421 1402 2447 “silio
1422 2423 1513 2455 ipsius
1533 2423 1645 2447 domini
1666 2423 1864 2455 Albanensi„,
1882 2422 2028 2448 s'accordo
2047 2422 2202 2456 coll'impe-

1307 2466 1402 2490 ratore
1421 2473 1471 2497 per
1490 2473 1587 2490 mezzo
1606 2466 1635 2490 di
1656 2466 1752 2490 alcuni
1772 2473 1787 2490 a
1806 2465 1906 2490 favore
1919 2465 1964 2490 del
1978 2472 2103 2490 vescovo
2122 2463 2203 2490 duu-

1307 2508 1383 2532 bano
1402 2515 1416 2532 e
1435 2508 1466 2533 di
1485 2509 1573 2540 quelli
1593 2509 1726 2534 ch’erano
1746 2509 1884 2534 assedlati
1904 2510 1934 2534 in
1953 2508 2054 2533 Monte
2067 2507 2203 2534 Cassum.

1306 2550 1370 2575 Una
1389 2551 1568 2582 esposizione
1585 2551 1684 2576 chiara
1703 2559 1718 2575 e
1736 2551 1831 2575 lucida
1851 2551 1879 2575 di
1899 2552 1996 2583 queste
2013 2550 2165 2576 trattative
2177 2551 2202 2576 sl

1306 2592 1343 2616 ha
1362 2592 1393 2617 in
1413 2591 1448 2617 G.
1468 2592 1626 2623 Psomccx,
1646 2594 1689 2618 La
1703 2594 1798 2625 prima
1818 2595 1886 2618 lotta
1905 2594 1935 2618 di
1948 2594 2080 2618 Faederico
2093 2593 2202 2619 εὕδω-

1308 2635 1355 2660 via
1373 2637 1416 2660 col
1428 2639 1540 2666 pupulo,
1560 2637 1618 2666 cit„
1644 2644 1670 2669 p.
1690 2643 1724 2667 40
1742 2642 1757 2660 e
1776 2643 1815 2668 sg.

1394 2676 1406 2694 ³
1423 2678 1461 2702 Di
1484 2680 1584 2712 questo
1598 2678 1718 2711 viaggio
1732 2678 1809 2711 paria
1822 2678 1853 2702 lo
1867 2679 1958 2703 stesso
1972 2677 2102 2703 cardlnal
2115 2677 2202 2704 Tom-

1307 2727 1386 2745 maso
1414 2721 1491 2745 nella
1519 2729 1567 2746 sua
1596 2721 1698 2746 lettera
1726 2719 1785 2754 (90)
1813 2721 1840 2745 al
1866 2728 1940 2754 papa
1965 2721 2010 2746 del
2036 2721 2091 2746 dic.
2119 2727 2201 2754 1229=

1309 2761 1322 2775 “
1335 2781 1340 2786 .
1352 2781 1358 2787 .
1368 2778 1376 2787 .
1386 2779 1394 2787 .
1405 2763 1448 2788 Ad
1463 2763 1514 2788 hec
1529 2763 1672 2788 noveritis
1686 2770 1729 2787 me
1742 2762 1831 2787 ivisse
1844 2761 1997 2794 (Suessam)
2012 2765 2072 2788 tum
2086 2764 2203 2796 propter

1309 2803 1489 2834 “caristiam,
1517 2813 1570 2837 que
1597 2807 1638 2830 est
1667 2804 1742 2838 apud
1771 2804 1907 2830 Sanctum
1937 2804 2116 2834 Germanum,
2141 2806 2201 2829 tum

1310 2846 1451 2881 “propter
1475 2846 1653 2877 Gaietenses,
1672 2849 1705 2872 ut
1724 2854 1777 2879 pro
1802 2848 1844 2871 eis
1866 2848 1997 2879 loquerer
2022 2848 2098 2879 quod
2124 2847 2203 2872 dece-

1309 2888 1323 2902 “
1335 2890 1430 2914 ret...
1441 2907 1447 2914 .
1460 2899 1490 2920 „;
1510 2890 1705 2918 Ronanusao,
1724 2890 1782 2918 cit„
1803 2897 1829 2922 p.
1852 2889 1911 2921 184.

1395 2930 1407 2947 ⁴
1425 2932 1598 2965 Symboiton
1618 2931 1788 2956 dell'ordlne
1807 2932 1969 2957 Teutonico
1982 2931 1997 2956 ὲ
2010 2931 2156 2957 ricordato
2171 2933 2200 2956 in

1306 2974 1434 3007 diploma
1454 2973 1617 3006 dell’aprlle
1639 2981 1720 3006 1233:
1739 2974 1874 3003 Βὸῐ-ΙΜΕκ,
1900 2982 1928 2999 n.
1948 2980 2025 3006 ²0¹9·

2226 830 2299 872 ιοἸ

2229 1096 2304 1150 ι5Ι

2223 1343 2301 1399 20

2224 1635 2268 1667 25

2224 1950 2310 1989 30'

2230 2303 2263 2331 ²⁵

2229 2493 2320 2545 ³0}

2230 2704 2320 2755 35Ῑ

2229 2936 2320 2972 4ο1
