2320 3444
129 216 202 240 Mun„
218 221 252 237 cc.
268 221 354 241 ¹0²9·3⁰
371 206 441 241 182

127 870 217 894 Rogger
222 869 258 889 ius
279 868 340 889 Fun-

153 897 226 916 danus
242 902 254 917 c
261 902 274 916 o
281 902 302 915 m
309 901 322 915 e
328 901 339 915 s

153 923 208 943 obiit
212 938 217 945 .

197 1634 217 1648 c.
232 1629 283 1652 jar

306 2330 337 2348 10

303 2752 337 2771 20

302 2963 333 2989 25

826 202 1102 238 RYCCARDI
1131 203 1200 238 DE
1227 201 1442 237 SANCTO
1471 202 1740 238 GERMANO

2038 207 2090 241 [Α.
2111 207 2205 243 1232]

362 339 394 370 ei
411 337 454 370 ab
477 336 647 380 imperiali
670 334 893 377 prouidentia
918 334 1150 372 constitutum,
1175 339 1213 366 ut
1228 333 1374 377 quilibet
1390 345 1549 366 nummus
1573 345 1698 367 aureus
1721 334 1911 377 recipiatur
1935 340 1970 367 et
1986 335 2205 378 expendatur

364 402 427 433 pro
450 397 570 434 quarta
593 389 707 427 uncie,
731 388 794 421 sub
818 399 907 430 pena
930 397 1155 430 personarum
1170 392 1205 419 et
1227 396 1341 419 rerum
1364 388 1401 419 in
1423 386 1659 430 imperialibus
1684 387 1818 426 litteris,
1842 398 1927 431 quas
1940 388 2034 420 idem
2050 387 2205 420 Thomas

364 445 507 483 dedunt,
531 448 704 475 annotata.
751 442 881 484 Figura
903 440 1104 484 Augustalis
1127 446 1202 473 erat
1225 440 1357 473 habens
1381 439 1424 472 ab
1447 450 1516 472 uno
1539 440 1648 473 latere
1672 446 1778 483 caput
1807 440 1957 473 hominis
1986 451 2065 474 cum
2089 441 2207 474 media

363 498 465 536 facie,
490 503 524 528 et
547 496 590 528 ab
615 495 682 527 alio
706 495 857 538 aquilam
873 494 893 525 ¹.

451 549 688 582 Uiterbienses
712 554 861 580 castrum
885 547 1073 590 quoddam,
1095 547 1191 589 quod
1207 546 1454 580 Uetorclanum
1478 547 1605 580 dicitur
1617 547 1639 586 ³,
1656 548 1750 590 quod
1766 547 1916 581 Romani
1932 548 2109 587 tenebant,
2125 559 2206 591 pro-

364 603 487 637 ditorie
511 607 686 644 occupant
710 607 744 633 et
768 606 937 638 euertunt,
961 599 1164 642 quibusdam
1188 601 1249 643 qui
1272 606 1455 633 euaserant
1477 601 1522 633 de
1553 608 1668 634 castro
1694 601 1770 644 ipso
1800 601 2063 634 conferentibus
2092 610 2130 634 se
2161 601 2206 634 ad

362 656 505 693 Urbem,
528 655 606 687 aliis
629 654 827 687 Uiterbium
851 653 1103 686 secedentibus.
1365 694 1367 697 ι

450 709 573 741 Mense
595 708 674 740 Iulii
698 707 887 750 Gregorius
910 717 1001 749 papa
1031 706 1123 739 redit
1145 707 1260 740 Reate
1273 709 1296 741 ³.
1343 706 1497 740 Romani
1526 708 1562 740 in
1587 707 1705 740 odium
1735 718 1825 751 pape
1848 709 1993 742 ueniunt
2023 718 2131 752 usque
2161 709 2209 743 ad

362 763 518 795 Montem
540 762 720 794 Fortinum
744 761 874 793 intrare
906 760 1133 801 Campaniam
1157 761 1401 803 disponentes;
1426 760 1472 794 ad
1495 772 1582 804 quos
1605 767 1675 794 tres
1702 773 1747 794 ex
1777 767 1876 805 parte
1906 772 1999 805 pape
2027 761 2209 795 uenientes

364 815 570 853 cardinales,
594 815 690 846 facta
712 824 790 846 cum
814 813 863 846 eis
880 813 1133 856 compositione
1156 825 1221 857 per
1242 814 1474 847 interuentum
1490 814 1648 857 pecunie,
1673 815 1821 847 Romam
1844 815 1976 848 reuersi
1999 821 2089 848 sunt.

450 868 651 911 Roggerius
675 867 718 900 de
742 867 872 910 Aquila
896 867 1085 899 Fundanus
1108 877 1224 900 comes
1248 868 1346 908 obiit,
1368 869 1429 911 qui
1452 868 1584 901 abitum
1615 868 1808 911 suscipiens
1835 868 2088 911 monachalem,
2111 868 2206 912 apud

362 923 502 955 Fossam
533 931 658 954 nouam
688 920 831 963 sepeliri
862 920 970 963 elegit
982 920 1004 952 ⁴.
1050 921 1195 953 Terram
1225 922 1342 963 ipsius,
1372 922 1540 954 uidelicet
1569 921 1723 963 Fundos,
1754 922 1958 955 Traiectum
1989 927 2024 954 et
2053 921 2208 965 Sugium,

360 976 468 1018 recipi
491 976 537 1008 ad
560 986 647 1017 opus
670 985 767 1007 suum
792 975 941 1016 precipit
957 974 1151 1016 Imperator
1167 986 1231 1017 per
1253 975 1440 1008 Hectorem
1465 976 1509 1008 de
1535 975 1657 1008 Monte
1674 977 1823 1009 Fusculo
1846 975 2064 1009 iustitiarium
2089 981 2126 1009 et
2145 985 2210 1019 per

362 1029 563 1071 Philippum
581 1028 624 1060 de
641 1027 750 1060 Citro.
786 1027 973 1071 Gyffridus
995 1027 1084 1061 filius
1101 1029 1237 1060 comitis
1252 1028 1361 1071 ipsius
1375 1029 1422 1061 ad
1437 1039 1564 1072 papam
1579 1040 1616 1061 se
1634 1029 1792 1067 contulit,
1808 1035 1902 1062 turre
1918 1029 2000 1062 Ytri
2014 1039 2050 1062 se
2067 1034 2209 1062 tenente

362 1093 426 1125 pro
449 1083 539 1125 ipso,
563 1092 631 1125 que
655 1082 796 1114 tandem
819 1081 932 1114 studio
955 1080 1111 1124 Philippi
1133 1082 1177 1113 de
1201 1081 1298 1115 Citro
1322 1083 1368 1115 ad
1392 1092 1478 1124 opus
1501 1083 1725 1125 Imperatoris
1747 1088 1890 1125 recepta
1913 1087 1975 1116 est.
2013 1081 2208 1126 Imperator

360 1146 424 1177 pro
440 1145 606 1167 succursu
623 1134 774 1167 ciuitatis
791 1133 1021 1172 Acconitane‚
1037 1144 1139 1177 quam
1154 1134 1327 1167 Iohannes
1339 1135 1383 1167 de
1399 1135 1537 1167 Baruch
1553 1141 1762 1178 occupatam
1778 1135 1928 1174 tenebat,
1943 1141 2044 1178 parte
2057 1135 2210 1168 ciuitatis

361 1199 398 1221 se
420 1199 484 1231 pro
508 1189 721 1230 Imperatore
744 1194 898 1227 tenente,
921 1188 1112 1220 exercitum
1137 1195 1329 1231 congregat
1352 1188 1498 1220 militum
1522 1195 1556 1221 et
1579 1189 1758 1221 baronum.

448 1241 572 1275 Mense
596 1242 745 1285 Augusti
770 1241 961 1284 Gregorius
983 1251 1075 1284 papa
1095 1241 1132 1273 in
1154 1239 1381 1284 Campaniam
1403 1242 1504 1280 redit,
1529 1248 1564 1275 et
1581 1248 1665 1285 aput
1687 1242 1883 1285 Anagniam
1907 1242 2035 1275 festum
2052 1241 2210 1276 celebrat

361 1295 601 1338 assumptionis
623 1295 724 1328 beate
746 1294 905 1338 Uirginis
917 1294 939 1327 ⁵.
2286 1333 2287 1336 Ἴ

450 1349 643 1392 Imperator
659 1353 910 1391 congregatum
934 1347 1123 1381 Brundusii
1147 1348 1335 1381 exercitum
1351 1355 1504 1389 reuocat,
1528 1355 1563 1382 et
1585 1348 1662 1392 ipso
1685 1349 1871 1382 mandante
1895 1348 2044 1392 quilibet
2064 1355 2144 1382 sunt
2172 1349 2210 1382 in
2232 1349 2276 1382 20

366 1413 427 1435 sua
449 1403 589 1435 reuersi.

450 1456 490 1488 In
515 1454 633 1489 Sicilia
655 1461 739 1498 aput
760 1454 957 1488 Messanam
988 1461 1112 1488 contra
1142 1456 1390 1499 Imperatorem
1409 1455 1534 1488 seditio
1565 1461 1641 1488 orta
1664 1460 1716 1489 est
1739 1456 1923 1489 occasione
1947 1455 2128 1500 Ryccardi
2159 1455 2206 1489 de

361 1509 583 1553 Montenigro
606 1520 671 1551 per
692 1509 941 1551 Imperatorem
965 1508 1140 1542 iustitiarii
1163 1509 1199 1541 in
1223 1508 1341 1542 Sicilia
1357 1509 1547 1548 constituti,
1570 1519 1674 1552 quem
1698 1509 1796 1542 ciues
1811 1515 1932 1542 contra
1954 1519 2073 1542 eorum
2090 1509 2210 1542 facere

367 1563 562 1595 libertatem
576 1561 613 1595 ⁶.'

457 1616 660 1649 Decretales
683 1617 907 1660 corriguntur
929 1627 950 1648 a
972 1616 1144 1660 Gregorio
1167 1627 1270 1660 papa,
1293 1618 1485 1650 resecando
1510 1617 1702 1659 superflua,
1727 1623 1762 1649 et
1784 1616 1882 1649 utilia
1903 1616 2086 1650 retinendo
2099 1614 2122 1648 ⁷.

457 1670 721 1703 Bartholomeus
746 1671 789 1703 de
814 1669 941 1703 Sancto
974 1670 1150 1704 Germano
1175 1671 1306 1704 domini
1329 1682 1421 1714 pape
1453 1671 1665 1713 capellanus,
1697 1681 1789 1714 papa
1818 1671 2018 1709 mandante,
2049 1671 2210 1704 Gaietam

370 1724 468 1757 uadit
489 1734 554 1766 pro
578 1724 832 1766 compositione
855 1724 944 1756 inter
968 1724 1215 1766 Imperatorem
1239 1730 1274 1757 et
1297 1724 1485 1758 Gaietanos
1509 1725 1683 1764 facienda,
1706 1730 1745 1757 ut
1767 1724 1912 1757 redeant
1938 1724 1984 1757 ad
2006 1723 2208 1757 fidelitatem

365 1777 482 1820 ipsius,
505 1777 600 1820 quod
624 1788 704 1809 cum
727 1777 846 1810 iacere
870 1787 940 1810 non
963 1784 1091 1820 posset,
1115 1783 1199 1821 aput
1222 1777 1386 1811 Sanctum
1411 1778 1615 1811 Herasmum
1632 1778 1786 1817 secessit,
1800 1783 1835 1810 et
1857 1777 1904 1810 ibi
1928 1787 2036 1820 usque
2053 1777 2098 1811 ad
2113 1788 2209 1810 man-

367 1832 486 1864 datum
510 1830 644 1864 domini
667 1841 758 1874 pape
782 1831 889 1875 elegit
911 1832 1032 1864 facere
1055 1831 1237 1865 stationem
1250 1834 1273 1865 ⁸.

2233 815 2275 848 10

2234 1072 2284 1115 15?

2233 1617 2299 1668 25¹¹

451 1942 460 1959 ¹
481 1943 514 1967 V.
534 1951 560 1976 p.
583 1943 641 1976 176,
661 1951 688 1969 n.
709 1949 733 1975 7.

451 1984 463 2001 ²
482 1986 678 2011 Vitorchiano
699 1987 743 2011 fra
762 1986 883 2012 Viterbo
904 1995 918 2012 e
931 1987 1057 2012 Soriano
1071 1988 1115 2012 del
1129 1987 1262 2018 Cimino;

365 2029 464 2054 antico
483 2029 574 2054 Vicu
585 2037 597 2054 s
616 2028 642 2054 Ο
654 2030 715 2054 rch
726 2030 737 2054 i
747 2038 762 2054 a
772 2038 789 2054 n
800 2038 817 2054 u
827 2037 848 2062 s,
868 2031 899 2055 ln
919 2031 1014 2055 altura
1034 2031 1108 2056 sulla
1121 2031 1264 2056 confluen-

364 2079 396 2096 za
417 2071 445 2095 di
467 2071 520 2095 due
542 2071 614 2095 fossi
634 2073 774 2096 scorrenti
795 2073 826 2097 in
847 2073 988 2105 profoudi
1007 2074 1138 2098 bun-oni.

453 2111 463 2128 ³
483 2112 509 2136 A
528 2113 606 2138 Rieti
628 2113 772 2147 Gregorio
791 2114 830 2139 1x
850 2123 918 2148 pare
939 2117 981 2140 sia
1001 2117 1078 2141 stato
1097 2116 1120 2140 il
1141 2116 1174 2140 28
1195 2116 1262 2146 VI13

364 2156 386 2180 ii
405 2157 509 2188 giorno
529 2156 616 2189 dopo.
645 2157 702 2182 “lv
728 2157 784 2183 kal.
809 2159 925 2191 augusti
938 2176 962 2190 „,
982 2159 1040 2191 egli
1063 2159 1211 2184 confermo
1237 2160 1263 2184 le

363 2198 547 2230 prerogative
566 2199 717 2224 accon-date
738 2200 764 2224 al
785 2202 907 2225 monast.
926 2201 955 2224 di
975 2200 1002 2225 S.
1028 2201 1120 2226 Maria
1147 2202 1175 2226 di
1194 2201 1262 2226 Val-

364 2239 486 2272 legloria
506 2241 535 2264 di
554 2241 666 2274 Spello;
688 2242 855 2272 Pon-misr,
875 2250 903 2268 n.
925 2242 1003 2276 8985.

453 2281 464 2297 ⁴
484 2282 650 2308 Monastero
670 2284 801 2309 d’ordine
820 2284 1013 2310 Cisterciense
1040 2286 1068 2310 di
1094 2286 1261 2310 Fossanova

364 2325 395 2348 in
424 2324 534 2349 diocesi
563 2325 592 2349 di
620 2325 786 2356 Terracina„
811 2327 860 2351 che
886 2329 916 2352 in
942 2327 1044 2353 Sicilia
1069 2329 1137 2353 ebbe
1164 2328 1260 2353 “villa

365 2365 546 2399 “Adi-iana„
567 2367 686 2392 lasciata
713 2369 747 2393 da
767 2369 876 2394 Matteo
902 2370 1039 2400 Bonello;
1060 2371 1097 2396 cf.
1115 2371 1147 2396 P.
1166 2370 1260 2400 Kena,

368 2409 433 2434 Otia
453 2410 636 2440 diplomatica,
656 2412 713 2440 cit,
734 2419 780 2444 pp.
801 2417 908 2445 274-77.

453 2450 463 2467 ⁶
487 2458 516 2483 15
538 2454 647 2484 agusto.

451 2492 461 2508 ⁶
480 2493 622 2519 Riccardo
641 2496 669 2519 di
690 2495 929 2531 Montenero,gia
949 2498 1073 2523 Maestro
1092 2498 1261 2531 giustlziere

363 2535 409 2560 nel
429 2535 599 2570 Principato
618 2545 632 2562 e
651 2538 826 2569 Benevento,
840 2540 869 2564 su
889 2540 1024 2565 mandato
1046 2541 1076 2564 in
1096 2541 1198 2566 Sicilia
1211 2548 1260 2573 per

362 2577 529 2614 introdurre
548 2580 574 2603 le
594 2587 687 2604 nuove
708 2580 915 2612 Costituzioni,
941 2590 1014 2615 poco
1039 2583 1116 2615 dopo
1141 2583 1169 2607 la
1195 2583 1259 2607 loro

362 2621 594 2653 pubblicazione,
605 2629 620 2647 e
634 2624 841 2654 precisamente
855 2626 932 2650 nella
946 2633 959 2659 5
975 2626 1133 2655 1ndizlone,
1147 2626 1258 2658 rispon-

362 2662 446 2686 dente
466 2662 542 2687 forse
561 2664 589 2688 ai
609 2666 695 2696 primi
716 2666 786 2691 mesi
806 2667 852 2691 del
877 2673 953 2700 1232.
992 2666 1101 2696 Questo
1126 2669 1166 2692 mi
1193 2675 1259 2700 pare

364 2705 386 2727 si
406 2712 491 2737 possa
509 2706 580 2730 bene
605 2707 748 2732 desumere
774 2708 851 2733 dalla
877 2711 1011 2741 seguente
1034 2712 1119 2735 nota:
1147 2709 1258 2734 “Anno

366 2746 509 2772 “Domini
539 2747 761 2782 M⁰CC⁰XXXI⁰,
790 2756 819 2775 v·
846 2752 907 2777 ind.
933 2754 958 2783 (1
988 2754 1098 2785 seth-31
1120 2751 1188 2785 dic.)
1207 2753 1259 2778 do-

363 2788 376 2801 ⁸
390 2790 484 2814 minus
503 2790 659 2822 imperator
678 2793 758 2818 misit
779 2794 855 2827 ipsas
875 2794 1110 2820 Constitutiones
1125 2803 1189 2820 suas
1208 2803 1259 2828 per

365 2829 379 2842 ¹¹
390 2833 482 2855 totum
502 2840 619 2865 regnum
633 2836 660 2859 et
675 2836 705 2858 in
719 2835 850 2861 Siciliam
863 2843 912 2869 per
925 2837 1074 2862 dominum
1087 2838 1257 2862 Riccardum

365 2872 378 2886 “
389 2872 422 2897 de
442 2874 637 2908 Montenigro.
657 2879 705 2908 qui
725 2880 787 2903 erat
802 2879 937 2911 magister
951 2880 1128 2904 iusticiarius
1141 2880 1257 2912 Sicilie;

364 2913 421 2939 “et
442 2916 478 2940 in
498 2917 621 2942 eodem
642 2925 736 2944 anno
757 2928 880 2946 mense
906 2923 1062 2954 augusti
1083 2922 1187 2947 dicte
1207 2924 1256 2946 in-

363 2955 584 2983 “dictionis
612 2960 695 2991 (eloe.
714 2962 746 2986 v·
773 2963 832 2988 ind.
862 2963 940 2997 ¹²3²)
966 2965 1158 2989 Martinus
1183 2965 1256 2989 Bel-

364 2998 503 3034 “lonus
523 3008 558 3026 se
580 3003 794 3029 rebellavit
815 3008 949 3034 contra
977 3006 1169 3033 dominum
1197 3007 1255 3031 lm-

1319 1945 1549 1979 “peratorem
1570 1954 1646 1970 cum
1666 1946 1879 1978 aliquantis
1897 1945 2111 1970 hominibus
2129 1945 2210 1971 Mes-

1319 1989 1446 2020 “sane,
1474 1991 1509 2013 et
1537 1989 1618 2022 ipse
1647 1989 1825 2021 magister
1853 1988 2094 2013 iustitIarius
2123 1988 2212 2012 urri-

1318 2032 1422 2065 “puit
1443 2032 1574 2065 fugam,
1593 2034 1621 2056 et
1640 2032 1726 2056 etiam
1746 2031 1839 2056 dictus
1859 2031 2001 2056 Martinus
2020 2037 2105 2055 causa
2123 2031 2211 2056 tirno-

1319 2074 1382 2098 “ris
1410 2074 1523 2098 domini
1549 2074 1732 2106 imperatoris
1757 2073 1893 2098 similiter
1915 2073 2039 2105 arripuit
2057 2072 2163 2105 sugam,
2183 2073 2212 2097 et

1319 2116 1399 2141 “fuit
1417 2118 1518 2150 captus
1538 2124 1601 2141 cum
1621 2117 1710 2140 sociis
1728 2116 1788 2140 suis
1807 2116 1882 2147 apud
1903 2115 2061 2147 Maitam„:
2081 2115 2117 2139 cs.
2132 2113 2211 2139 GAU-

1316 2165 1404 2184 snam
1424 2159 1616 2188 Mami-saun,
1635 2160 1680 2183 De
1694 2159 1784 2191 gestis
1810 2158 1930 2190 Rogerin'
1951 2157 2055 2182 comitis
2073 2158 2136 2187 etc.,
2155 2157 2212 2182 An-

1316 2203 1391 2226 nales
1410 2201 1498 2226 Siculi
1515 2203 1573 2232 eit.,
1593 2209 1619 2233 p.
1641 2207 1699 2234 117.
1735 2200 1769 2225 In
1789 2201 1926 2230 Bauium,
1940 2208 1968 2225 n.
1982 2205 2050 2233 2017
2061 2200 2084 2229 b,
2103 2197 2118 2224 δ
2137 2199 2210 2232 regi-

1315 2245 1407 2268 strato
1428 2243 1591 2276 nell’aprile
1613 2249 1688 2276 1233.

1403 2284 1414 2301 ⁷
1434 2286 1595 2311 Pon-iusi·
1614 2294 1629 2310 a
1649 2287 1746 2317 queste
1767 2292 1862 2310 nuove
1888 2284 2022 2309 decretali
2048 2284 2079 2309 di
2102 2282 2211 2316 Grego-

1315 2329 1360 2352 rio
1378 2328 1418 2353 IX
1437 2335 1555 2360 assegna
1575 2328 1604 2353 la
1622 2328 1677 2352 fine
1696 2328 1869 2360 den’agosto
1893 2333 1968 2359 1²3²·

1402 2369 1472 2395 Pare
1492 2370 1542 2395 che
1557 2370 1665 2403 risalga
1677 2371 1704 2395 al
1721 2376 1790 2401 1²3⁰
1803 2370 1831 2394 la
1844 2371 1911 2394 data
1925 2369 2124 2394 dell'incarlco
2143 2368 2211 2393 dato

1314 2413 1361 2438 dal
1382 2421 1455 2445 papa
1474 2419 1491 2437 a
1510 2413 1675 2438 Raimondo
1697 2413 1726 2436 di
1747 2412 1913 2441 Pennasort,
1932 2411 2008 2436 della
2022 2411 2119 2436 scuola
2130 2410 2212 2435 bolo-

1314 2463 1407 2487 gnese,
1427 2456 1455 2479 di
1476 2456 1586 2479 riunire
1598 2456 1629 2479 ln
1643 2463 1699 2479 una
1713 2462 1808 2479 nuova
1821 2454 1983 2479 collezione
1995 2455 2072 2478 tutte
2089 2453 2116 2477 le
2136 2454 2213 2478 ante·

1313 2498 1386 2522 riori
1405 2498 1529 2522 raccolte
1554 2497 1584 2522 di
1610 2497 1756 2527 decretali,
1781 2495 2018 2529 aggiungendovi
2042 2495 2137 2527 quelle
2161 2495 2213 2520 che

1312 2540 1368 2572 egli
1389 2541 1479 2564 stesso
1499 2547 1546 2564 era
1565 2541 1672 2564 venuto
1693 2537 1913 2572 promulgando.
1948 2536 1990 2562 La
2009 2544 2106 2562 nuova
2117 2543 2212 2570 opera,

1313 2583 1450 2615 ripartita
1469 2582 1499 2607 in
1520 2583 1621 2614 cinque
1641 2582 1710 2606 iibri
1729 2581 1853 2605 secondo
1873 2579 1996 2604 l'ordine
2014 2580 2068 2604 ben
2089 2580 2160 2604 noto
2180 2578 2210 2603 di

1313 2625 1400 2654 iudex,
1421 2624 1557 2654 iudicium,
1577 2625 1675 2654 clerus,
1698 2623 1845 2654 sponsalia.
1871 2621 1979 2652 crImen,
2007 2621 2037 2645 fu
2062 2621 2142 2646 edita
2166 2619 2213 2645 nel

1316 2673 1392 2699 1234,
1412 2667 1445 2691 ed
1464 2667 1579 2691 inviata
1598 2674 1613 2691 a
1634 2667 1708 2691 tutte
1722 2665 1748 2690 le
1762 2665 1859 2689 scuole
1871 2664 1903 2688 di
1915 2664 2025 2696 Parigl,
2037 2663 2068 2688 di
2080 2663 2213 2695 Bolognu

1312 2718 1326 2733 e
1346 2709 1375 2734 di
1395 2709 1494 2741 Roma,
1515 2707 1608 2733 sicche
1628 2709 1753 2733 divenne
1773 2706 1988 2732 fondamentale
2007 2706 2101 2739 perio
2115 2705 2213 2730 studlo

1312 2752 1358 2777 del
1378 2753 1481 2776 diritto
1502 2752 1660 2779 canonico:
1681 2750 1718 2775 cs.
1736 2750 1919 2778 Fruunmmc,
1939 2749 2063 2782 ,Quinque
2082 2748 2210 2780 compila-

1312 2796 1395 2819 tiones
1415 2795 1549 2826 antiquae,
1571 2794 1681 2827 Lipsia,
1705 2791 1780 2822 188²,
1794 2793 1996 2824 Prolegomcna
2011 2791 2066 2815 alle
2079 2792 2213 2816 Decreta-

1312 2838 1359 2866 Ies,
1380 2845 1405 2869 p.
1428 2843 1460 2861 xo
1480 2845 1494 2860 e
1513 2844 1554 2869 sg.

1399 2877 1411 2894 ⁸
1431 2869 1452 2903 E
1473 2879 1502 2903 lo
1521 2880 1611 2903 stesso
1631 2877 1817 2902 Bartoiomeo
1836 2875 1888 2900 che
1909 2874 1946 2899 1‘8
1964 2874 2027 2904 XII,
2049 2880 2115 2907 ¹237
2129 2881 2143 2898 e
2156 2873 2211 2899 1¹11

2238 2077 2274 2104 30

2311 2229 2320 2252 ἰ

2237 2289 2271 2318 ³⁵
2312 2253 2320 2309 ἒ

2238 2471 2320 2527 4οἶ

2239 2711 2272 2739 45

1310 2922 1331 2953 1,
1349 2922 1416 2954 1²38
1436 2921 1556 2946 insieme
1570 2928 1623 2946 con
1638 2920 1755 2945 Andrea
1774 2918 1949 2947 Ottaviano,
1963 2925 2032 2950 pure
2045 2916 2214 2950 cappellano
2239 2921 2274 2948 50

1308 2964 1353 2988 del
1373 2971 1456 2997 papa,
1477 2964 1507 2988 fu
1527 2962 1664 2988 mandato
1690 2969 1739 2994 per
1764 2961 1839 2986 ultra
1864 2960 2004 2984 missione
2034 2966 2048 2983 a
2073 2958 2211 2988 viterbo:

1310 3006 1346 3031 cf.
1365 3006 1558 3038 Romanam,
1577 3005 1599 3036 1,
1619 3013 1667 3030 nn.
1689 3009 1739 3038 717
1759 3011 1773 3029 e
1794 3007 1853 3036 719,
1874 3010 1922 3035 pp.
1940 3001 1993 3026 616
2012 3009 2027 3026 e
2046 2999 2106 3026 618.
