2320 3444
106 236 182 261 Μυι..
199 243 219 259 c.
236 243 286 262 10³4
334 227 401 263 188

786 225 1064 261 RYCCARDI
1093 225 1164 259 DE
1193 224 1406 260 SANCTO
1435 223 1706 260 GERMANO

2001 230 2052 266 [A.
2074 230 2168 266 ιαμ]

320 358 446 401 Apulia
469 358 674 400 Capitanata
698 363 733 389 et
756 356 942 388 Basilicata
965 356 1059 398 apud
1083 355 1283 388 Grauinam.
1329 355 1369 387 In
1393 354 1599 397 Principatu
1629 354 1741 387 Terra
1771 354 1920 388 Laboris
1943 361 1978 388 et
2001 356 2166 389 comitatu

321 411 451 444 Molisii
474 422 582 454 usque
614 410 748 448 Soram,
779 415 864 452 aput
895 409 1085 442 Salernum.

1131 408 1171 440 In
1202 408 1428 441 iustitiariatu
1459 407 1609 450 Aprutii‚
1640 414 1724 450 aput
1751 407 1964 441 Sulmonam.
2008 408 2164 452 Tempus

316 472 430 497 autem
447 465 586 507 quando
609 463 855 506 congregande
872 468 950 494 sunt
966 461 1085 501 curie,
1101 461 1166 494 erit
1180 462 1217 494 in
1233 460 1407 494 Kalendis
1423 461 1546 500 Madii‚
1570 467 1604 493 et
1620 461 1741 493 finient
1757 460 1793 493 in
1817 460 1989 494 Kalendis
2011 461 2165 495 Nouem-

317 518 401 555 bris;
428 519 462 549 in
486 517 609 560 quibus
632 515 801 559 Magister
831 515 1044 554 iustitiarius,
1076 514 1260 553 iustitiarii,
1291 514 1451 558 Magistri
1484 514 1677 553 camerarii,
1708 513 1814 547 baiuli
1845 520 1880 546 et
1911 514 1971 547 alii
1999 514 2166 548 officiales

318 571 432 609 Curie,
455 570 590 612 prelati,
615 569 770 607 comites,
795 569 955 605 barones,
979 568 1075 600 ciues
1098 573 1133 600 et
1155 569 1302 601 aliorum
1333 568 1489 600 locorum
1512 567 1726 601 habitatores
1757 567 1905 611 quilibet
1927 567 1962 600 in
1993 578 2055 600 sua
2085 578 2165 611 pro·
2208 567 2229 602 5
2245 598 2259 621 s.
2312 609 2315 611 .

316 625 433 656 uincia
455 630 609 665 tempore
634 629 668 654 et
691 623 778 655 locis
801 622 953 665 prefixis,
974 622 1011 654 in
1034 621 1209 664 presentia
1233 621 1338 666 legati
1354 621 1548 664 imperialis
1562 621 1750 654 conuenire
1773 627 1945 661 tenentur,
1966 632 2070 665 super
2090 622 2166 655 uni·

316 677 426 709 uersis
448 683 483 709 et
505 676 651 719 singulis
674 687 740 718 que
764 676 964 708 constitutio
988 676 1142 708 continet
1163 675 1358 718 processuri
1373 674 1394 708 ¹.

401 730 521 762 Mense
538 729 720 762 Februarii
736 730 780 761 de
798 728 919 761 Sicilia
934 729 970 760 in
988 727 1187 762 Calabriam
1205 729 1406 761 transfretat
1421 729 1626 771 Imperator,
1639 735 1673 762 et
1684 728 1809 761 exinde
1826 728 1862 761 in
1877 728 2042 772 Apuliam
2056 729 2162 763 uenit.

403 784 478 816 Hoc
502 793 632 822 mense,
655 788 690 815 et
715 792 832 815 mense
855 782 1015 815 Ianuario
1038 781 1206 825 preterito
1229 788 1325 815 tanta
1355 782 1421 815 fuit
1450 782 1691 816 habundantia
1722 783 1846 824 pruine
1877 788 1912 815 et
1942 783 2043 822 niuis,
2067 782 2163 828 quod

79 848 166 868 numa
180 850 202 867 a
217 848 267 868 nix.
314 848 378 880 pro
401 843 606 879 tempestate
630 836 733 868 famis
755 836 862 868 multa
885 836 992 868 millia
1016 836 1133 868 ouium
1159 836 1196 868 in
1227 835 1354 879 Apulia
1377 843 1607 874 morerentur,
1630 836 1808 869 siluestres
1839 836 1943 870 etiam
1971 836 2095 876 bestie,
2126 842 2162 870 et
2187 837 2228 871 to
2244 867 2246 870 ,

312 892 388 932 ipse
410 891 571 923 uolucres
594 901 655 932 pre
686 891 779 922 fame
810 890 1011 928 deficerent,
1042 895 1076 922 et
1108 900 1176 933 quo
1200 901 1236 922 se
1268 896 1447 923 uerterent
1477 890 1689 934 ignorarent,
1716 901 1795 923 cum
1826 889 1957 934 ubique
1988 895 2159 924 terrarum
2253 887 2258 891 ”

313 946 373 977 nix
396 951 497 984 esset,
521 950 554 976 et
588 945 665 986 ipsa
696 944 800 976 etiam
831 943 971 976 flumina
1001 943 1133 976 fuerint
1163 944 1366 989 congelata3
1400 949 1438 976 et·
1465 945 1568 977 etiam
1600 944 1696 987 quod
1728 943 1821 977 oliue
1853 949 1889 977 et
1919 944 1987 977 alie
2017 943 2162 978 arbores

156 1015 175 1029 c.
188 1010 238 1033 3511

79 1051 201 1071 Castellum
224 1052 292 1074 super

96 1079 186 1101 pontem
215 1078 292 1101 capue

98 1105 179 1126 sacer:
190 1104 219 1129 fit
226 1105 242 1124 ⁸.

313 999 496 1030 fructifere
520 997 687 1030 arefac'te
711 1003 827 1029 essent
849 1008 894 1029 ex
917 997 1000 1040 gelu
1024 997 1143 1036 nimio,
1167 998 1326 1030 homines
1349 997 1615 1040 desperabiliter
1638 1003 1900 1030 murmurarent.

402 1051 594 1093 Imperator
619 1052 662 1083 de
687 1050 816 1092 Apulia
838 1051 936 1082 uenit
965 1051 1001 1082 in
1033 1050 1179 1082 Terram
1202 1049 1351 1083 Laboris
1375 1057 1410 1083 et
1432 1055 1515 1083 tunc
1540 1050 1584 1083 ab
1607 1051 1673 1083 ista
1695 1057 1793 1093 parte
1817 1050 1937 1093 Capue
1960 1050 2035 1083 fieri
2057 1061 2161 1095 super
2255 1092 2258 1102 ἃ

310 1111 453 1148 pontem
477 1105 655 1137 castellum
679 1104 787 1142 iubet,
810 1104 903 1147 quod
926 1103 1001 1146 ipse
1025 1113 1129 1136 manu
1151 1104 1292 1146 propria
1316 1104 1535 1147 consignauit
1546 1102 1569 1136 ³.
2187 1104 2226 1138 15
2250 1112 2265 1154 ’,Ξ

398 1158 439 1190 In
464 1158 624 1202 Neapoly
642 1158 746 1190 etiarn
763 1158 988 1190 munitionem
1004 1158 1134 1190 factam
1149 1157 1301 1200 precipit
1316 1157 1486 1200 ampliari.
1518 1157 1625 1201 Operi
1643 1157 1777 1190 castelli
1795 1158 1840 1191 de
1856 1158 1989 1201 Capua,
2005 1164 2043 1191 ut
2059 1158 2161 1192 citius

313 1213 382 1250 fiat,
405 1212 569 1254 preponit
593 1211 789 1255 Nycolaum
814 1211 858 1243 de
882 1211 1012 1249 Cicala‚
1037 1210 1094 1243 cui
1117 1220 1237 1243 omnes
1259 1211 1355 1244 iubet
1376 1211 1560 1243 intendere
1583 1222 1604 1243 a
1627 1210 1798 1244 Miniamo
1825 1221 1935 1255 usque
1965 1213 2121 1256 Capuam
2134 1212 2157 1246 ⁴.

401 1266 440 1297 In
465 1265 591 1298 Gaieta
613 1275 677 1307 pro
701 1265 916 1306 Imperatore
939 1274 1002 1306 per
1018 1264 1208 1297 Hectorem
1225 1264 1270 1296 de
1286 1264 1407 1296 Monte
1425 1264 1577 1297 Fusculo
1594 1264 1671 1296 fere
1687 1274 1764 1296 xxx
1778 1270 1890 1298 turres
1905 1266 2159 1300 custodiuntur.

313 1318 434 1352 Mense
450 1318 561 1351 Madii
581 1319 770 1361 Imperator
785 1329 848 1361 per
861 1317 1026 1350 Sanctum
1041 1317 1252 1351 Germanum
1268 1318 1401 1350 habens
1416 1317 1608 1357 transitum,
1621 1324 1706 1361 aput
1720 1318 1835 1351 Reate
1850 1319 1897 1351 ad
1913 1329 2038 1363 papam
2053 1319 2162 1360 uadit,
2257 1358 2268 1363 „

311 1373 443 1405 ducens
466 1382 584 1405 secum
607 1372 806 1405 Conradum
830 1372 937 1404 filium
953 1382 1063 1409 suum,
1080 1377 1114 1404 et
1129 1381 1166 1403 se
1183 1372 1229 1403 ad
1245 1372 1423 1403 seruitium
1441 1372 1593 1404 ecclesie
1610 1382 1790 1414 exponens
1806 1377 1930 1405 contra
1945 1373 2125 1406 Romanoa
2135 1373 2158 1407 ⁶.
2182 1374 2226 1407 20
2255 1403 2266 1416 Ἴ,

400 1426 583 1469 Inquisitio
605 1427 641 1458 fit
664 1426 879 1468 Imperatore
903 1426 1088 1458 mandante
1119 1425 1165 1457 de
1195 1435 1300 1468 opere
1335 1425 1457 1458 Sancti
1481 1426 1649 1459 Germani
1671 1436 1735 1468 per
1758 1432 1866 1459 totam
1896 1426 2072 1460 abbatiam
2095 1437 2159 1471 per

310 1480 466 1513 iudicem
488 1480 703 1512 Adenulfum
730 1480 774 1512 de
799 1478 922 1512 Suessa
946 1485 980 1512 et
1001 1478 1154 1512 iudicem
1178 1479 1350 1512 Thomam
1374 1479 1418 1511 de
1442 1479 1599 1512 Caserta.

397 1534 500 1566 Tunc
523 1534 714 1575 Imperator
737 1539 821 1575 aput
844 1533 957 1566 Reate
980 1533 1116 1565 faciens
1138 1543 1281 1571 moram,
1304 1533 1487 1565 reuocauit
1508 1533 1554 1565 ad
1586 1543 1673 1576 opus
1703 1544 1800 1567 suum
1832 1534 2003 1577 quicquid
2034 1533 2154 1567 turba-

307 1587 411 1619 tionis
434 1592 591 1628 tempore
615 1586 658 1619 de
683 1585 800 1628 Regni
824 1585 1034 1628 pertinentis
1057 1591 1317 1628 occupauerant
1339 1585 1495 1624 Reatini,
1519 1592 1554 1618 et
1576 1587 1652 1628 ipse
1677 1597 1756 1619 cum
1780 1593 1885 1631 gente
1908 1597 1970 1620 sua
1991 1598 2060 1621 una
2075 1598 2156 1621 cum
2262 1631 2263 1634 Ἴ

310 1641 475 1684 magistro
497 1639 675 1682 Raynerio
700 1639 878 1672 cardinale
901 1650 938 1672 se
961 1639 1160 1672 Uiterbium
1185 1639 1334 1677 confert,
1357 1639 1520 1682 predicto
1545 1639 1734 1673 Chonrado
1750 1641 1820 1674 filio
1844 1651 1916 1679 suo,
1940 1647 1975 1674 et
1996 1641 2055 1685 qui
2078 1652 2157 1676 cum
2181 1641 2223 1676 25
2266 1653 2267 1657 ¹

310 1704 352 1726 eo
376 1704 485 1736 usque
509 1693 623 1727 Reate
648 1693 796 1733 inerant,
820 1692 1048 1726 redeuntibus
1070 1693 1105 1725 in
1129 1692 1304 1736 Regnum,
1329 1693 1542 1735 Imperatore
1567 1695 1766 1727 mandante.

399 1833 423 1850 2.
442 1833 529 1857 usque
547 1825 646 1850 Soram
665 1826 741 1858 apud
758 1825 927 1850 Sulmonam
946 1826 1094 1851 omettendo
1113 1833 1147 1849 un
1165 1825 1229 1857 rugro
1247 1823 1343 1850 Gaun.
1363 1838 1394 1842 —
1416 1832 1440 1857 3.
1459 1825 1562 1850 finient
1580 1834 1674 1851 manca
1693 1825 1770 1851 Uen.
1791 1835 1805 1851 ε
1823 1826 1887 1852 Dm.
1910 1826 1955 1852 Ra
1974 1839 2007 1846 -·
2025 1834 2052 1860 9.
2071 1827 2157 1852 abun-

309 1869 408 1893 dantia
429 1867 505 1894 Uen.
526 1882 558 1886 —
581 1875 620 1893 11.
640 1868 716 1900 quod
735 1869 881 1893 verterent
898 1868 977 1895 Uen.
996 1877 1009 1893 e
1028 1868 1092 1892 Dar.
1110 1868 1155 1892 Ra
1178 1881 1203 1885 —
1229 1874 1270 1899 ¹5·
1289 1869 1415 1892 montem
1435 1876 1483 1892 non
1503 1869 1621 1900 pontem
1642 1868 1717 1893 Uen.
1738 1877 1752 1894 e
1770 1869 1835 1894 Dar.
1853 1870 1898 1894 Ra

397 1956 406 1973 ¹
427 1957 629 1982 L’istituzione
649 1958 678 1982 di
698 1959 794 1990 queste
807 1957 895 1982 Curie
907 1957 1035 1989 generali
1050 1958 1084 1982 da
1099 1958 1203 1982 tener-si

309 2000 362 2024 due
382 2000 461 2025 volte
481 2000 618 2029 all’anno,
640 2000 661 2024 il
683 2003 712 2025 1⁰
731 2000 756 2024 V
775 2008 789 2024 e
809 2000 831 2025 il
856 1998 882 2024 1⁰
907 1999 956 2031 XI,
981 1999 1016 2024 ad
1042 2000 1153 2024 evitare
1178 1999 1208 2024 di

265 2049 279 2076 5
310 2044 404 2067 sicuro
432 2043 475 2075 gli
504 2043 724 2068 inconvenienti
755 2043 877 2075 capitati
909 2043 1007 2067 l’anno
1039 2041 1208 2075 precedente

310 2085 387 2110 nella
412 2087 501 2110 stessa
525 2085 661 2115 Messinm
686 2084 825 2110 §scevano
850 2085 1002 2118 prevenere
1030 2085 1058 2110 la
1085 2084 1207 2118 parteci-

309 2128 432 2160 pazione
451 2127 496 2152 del
519 2128 629 2160 popolo
654 2129 681 2152 al
706 2135 837 2160 governo
862 2127 940 2152 dello
965 2127 1058 2158 Stato,
1083 2127 1158 2152 onde
1182 2127 1207 2151 si

307 2170 529 2202 raccoglieasero
555 2171 581 2195 le
606 2171 745 2202 lagnanze
770 2170 842 2195 fatte
866 2170 915 2194 dal
940 2170 1075 2195 cittadini
1102 2171 1205 2194 contro

308 2214 315 2236 i
342 2213 504 2244 glustizieri
525 2213 552 2237 di
574 2214 660 2242 corte,
680 2213 690 2237 i
709 2213 881 2245 giustizieri,
903 2221 919 2237 o
946 2213 1107 2245 qualunque
1131 2213 1205 2237 altro

248 2261 280 2279 ιο
308 2255 502 2279 funzionario.
539 2255 585 2279 Ma
605 2256 693 2280 anche
706 2258 805 2287 questa
820 2256 996 2284 istituzione,
1010 2262 1088 2280 come
1102 2255 1130 2279 la
1144 2261 1206 2287 pre-

306 2297 422 2321 cedente
440 2297 592 2322 accordata
613 2306 627 2322 a
647 2300 715 2323 tutti
736 2299 746 2322 i
766 2298 880 2331 prelati,
899 2305 947 2322 era
966 2298 1113 2322 destinata
1131 2305 1148 2322 a
1161 2304 1204 2322 ca-

306 2340 378 2368 dere,
397 2340 439 2364 sia
459 2347 508 2373 per
528 2341 550 2364 il
576 2341 665 2372 grado
686 2342 863 2373 preminente
883 2341 932 2365 che
951 2341 978 2365 ai
999 2340 1071 2365 detti
1093 2339 1204 2364 funzio-

306 2383 368 2406 nari
383 2390 429 2406 era
449 2384 524 2406 stato
545 2385 639 2407 creato
659 2383 706 2407 dai
726 2383 879 2408 medesimo
893 2383 1074 2415 imperatore,
1086 2382 1131 2407 sia
1144 2390 1204 2414 per-

305 2423 355 2448 che
375 2426 383 2448 i
398 2425 504 2457 singoli
521 2426 660 2458 popolani
675 2425 700 2450 si
719 2426 946 2450 consideravnno
961 2422 1011 2457 piix
1025 2425 1133 2449 sudditi
1154 2425 1204 2449 che

247 2474 276 2500 15
305 2467 450 2491 cittadini.

394 2507 404 2524 ²
425 2507 531 2537 Questa
551 2508 565 2534 ὲ
584 2509 691 2535 l'unica
712 2512 781 2535 nota
801 2510 960 2542 marginale
985 2509 1130 2542 riportata
1155 2509 1202 2534 dal

305 2552 398 2576 Pertz.

393 2592 403 2608 ³
422 2594 458 2619 A.
477 2595 639 2624 HASELOFF,
660 2596 714 2619 Die
735 2597 842 2620 Bauten
869 2596 918 2619 der
946 2594 1149 2627 Hohenstausen
1174 2594 1202 2618 in

310 2637 499 2665 Unteritalien„
525 2635 652 2669 Leipzig,
678 2644 755 2669 19²0·
775 2645 801 2671 p.
828 2636 853 2668 8,
879 2637 1020 2669 pai-lando
1046 2637 1077 2661 di
1102 2637 1202 2668 questo

243 2684 277 2702 20
304 2679 432 2709 castello,
451 2679 496 2703 Tr
507 2681 513 2702 i
524 2687 575 2703 um
585 2680 656 2712 pho
666 2687 686 2710 r,
701 2687 786 2712 segue
800 2680 828 2704 la
841 2681 938 2711 giusta
951 2679 1064 2704 lezione
1078 2679 1107 2703 dl
1121 2679 1202 2703 Pertz

302 2720 342 2754 (p.
362 2720 425 2752 372)
444 2722 494 2745 che
515 2721 543 2746 lo
564 2721 626 2746 dice
639 2723 782 2746 costruito
803 2721 816 2734 u
829 2729 912 2755 super
931 2724 1047 2754 pontem
1060 2739 1085 2753 η,
1101 2722 1201 2746 invece

303 2763 331 2786 di
354 2763 366 2775 ‘⁴
379 2770 462 2795 super
483 2765 642 2794 montem„.
681 2765 718 2788 Fa
738 2772 788 2788 sua
813 2765 906 2788 anche
931 2764 1068 2795 riguardo
1088 2764 1201 2788 all'artc

303 2803 464 2837 l'opinione
483 2805 512 2829 di
533 2806 562 2829 E.
578 2806 749 2834 Banrmux,
770 2806 851 2830 L'art
863 2807 930 2830 dans
944 2807 1002 2831 l’lt.
1015 2806 1200 2834 meerbnaIe,

303 2846 323 2874 Ι,
343 2846 432 2875 Paris,
455 2854 531 2879 1904,
552 2855 598 2879 pp.
618 2854 678 2880 717,
699 2849 749 2881 738
768 2856 783 2872 e
797 2856 847 2881 sg..
861 2849 894 2872 ed
909 2848 1021 2873 afferma
1035 2846 1074 2881 (p.
1091 2847 1118 2880 4)
1132 2849 1200 2872 che:

243 2894 273 2920 25
305 2887 318 2900 “
327 2888 358 2911 In
374 2888 422 2912 der
435 2888 664 2914 PersonlichkeIt
678 2890 840 2915 Friedrichs
852 2889 880 2914 11
894 2891 931 2914 ist
944 2890 1006 2914 also
1025 2890 1074 2915 der
1087 2889 1199 2915 Schli'ts-

305 2930 366 2953 “sel
389 2938 421 2954 zu
440 2931 553 2961 suchen,
573 2932 621 2955 der
641 2932 690 2956 das
711 2932 901 2957 Verstandnis
915 2932 963 2956 des
979 2932 1094 2957 Wesens
1108 2932 1200 2957 dieser

305 2971 318 2984 “
329 2972 593 2997 hohenstaufischen
612 2973 707 2998 Kunst
727 2975 845 2999 er6ffnet
856 2993 880 3006 η.

392 3013 403 3029 ⁴
423 3015 527 3039 Nicola
547 3015 644 3040 Cicala
663 3017 831 3048 giustiziere
850 3017 879 3042 di
906 3017 994 3042 Terra
1020 3016 1048 3043 dl
1070 3017 1199 3046 Lavoroz

1259 1957 1296 1982 ct.
1315 1957 1348 1981 R.
1365 1955 1460 1982 all'an.
1477 1956 1553 1982 1226.
1578 1958 1641 1990 Egli
1656 1956 1714 1990 pub
1728 1959 1918 1983 consider-arsi
1933 1965 2013 1984 come
2025 1958 2048 1984 u
2064 1957 2156 1984 “Pro-

1260 1998 1274 2012 ¹⁴
1285 2001 1453 2032 tomagister
1463 2018 1489 2032 η,
1508 1999 1656 2025 destinato
1677 2001 1733 2026 alle
1754 2001 1961 2026 sortificazioni
1980 2001 2058 2026 nella
2070 2000 2156 2036 Capl-
2183 2005 2220 2032 3ο

1258 2043 1372 2072 tanum
1391 2043 1428 2068 cf.
1448 2043 1619 2072 Bam-nux,
1639 2047 1682 2074 op.
1701 2044 1755 2072 cit„
1775 2044 1796 2073 1,
1815 2051 1842 2076 p.
1862 2050 1927 2077 713;
1947 2043 1982 2069 K.
2001 2043 2092 2074 Fiunt.
2116 2045 2157 2070 Le

1259 2085 1315 2109 vite
1333 2085 1380 2109 dei
1391 2085 1442 2116 piis
1462 2086 1604 2110 eccellenti
1615 2086 1725 2117 putori,
1743 2087 1857 2111 scultom'
1867 2087 1903 2111 ed
1913 2087 2053 2112 architeth'
2063 2086 2158 2112 scn'tte

1258 2128 1295 2151 da
1320 2127 1435 2159 Gt’orgio
1469 2128 1574 2158 anm‘,
1600 2127 1677 2152 ΜΗ.
1704 2128 1798 2153 Krit.
1823 2128 2005 2161 Apparat..
2029 2128 2057 2160 1,.
2076 2127 2158 2154 Μῦε-

1258 2170 1340 2199 chen,
1363 2176 1438 2201 1911,
1458 2176 1485 2202 p.
1505 2168 1571 2202 805;
1584 2170 1748 2199 Haszrorr.
1762 2174 1803 2201 op.
1817 2171 1870 2200 cit,
1886 2176 1947 2202 151.
1970 2171 1994 2195 n
2008 2170 2157 2201 Berteaux.
2270 2195 2274 2204 y,

1258 2212 1285 2236 al
1304 2212 1366 2245 pari
1382 2211 1410 2236 dl
1426 2211 1540 2236 Andrea
1555 2212 1588 2237 de
1602 2211 1704 2237 Cicala
1718 2214 1834 2245 capitan
1848 2213 1988 2245 generale,
2001 2213 2031 2238 lo
2044 2213 2157 2238 ritenne
2183 2219 2217 2246 35
2269 2216 2273 2227 ³

1258 2262 1327 2287 pure
1351 2254 1496 2287 d'orlgine
1522 2255 1674 2285 calabrese‚
1701 2257 1810 2281 mentre
1834 2254 1850 2281 δ
1875 2257 1902 2281 di
1931 2256 2027 2282 Castel
2055 2256 2156 2282 cicala

1257 2302 1355 2329 presso
1374 2296 1464 2326 Nola3
1485 2296 1522 2321 cf.
1535 2296 1567 2322 E.
1580 2297 1733 2328 Stamina,
1747 2299 1925 2323 Dokumentes
1937 2306 1987 2323 zur
2005 2298 2157 2324 &escheden

1257 2339 1307 2363 der
1327 2339 1532 2363 Kastellbauten
1553 2340 1655 2364 Kaiser
1675 2339 1835 2365 Friedrichs
1855 2341 1893 2364 II
1905 2341 1961 2365 und
1978 2339 2064 2365 Karls
2079 2341 2099 2365 I
2105 2348 2157 2365 von

1258 2381 1354 2413 Anjou.
1377 2380 1550 2413 Capitanata,
1571 2381 1832 2414 Erganzungsband
1851 2381 1886 2413 11,
1899 2388 1919 2411 1,
1932 2381 2063 2415 Leipzig,
2079 2387 2156 2415 1912,
2269 2410 2279 2420 ⁷„

1257 2431 1286 2455 P·
1305 2430 1348 2456 99-
2183 2429 2219 2455 4⁰

1345 2464 1357 2480 ⁵
1374 2465 1498 2490 Avendo
1519 2466 1594 2491 forse
1615 2468 1718 2500 saputo
1738 2467 1788 2492 che
1807 2467 1837 2492 in
1857 2466 2014 2492 Germania
2033 2466 2055 2491 11
2074 2465 2156 2500 figlio
2272 2468 2275 2479 '¹

1257 2507 1363 2532 Enrico
1382 2515 1539 2540 preparava
1559 2516 1616 2533 una
1635 2509 1755 2539 rivolta.
1774 2509 1912 2534 FederIco
1931 2508 1965 2538 11,
1984 2517 2034 2543 per
2058 2510 2155 2534 conal—

1257 2551 1319 2583 gllo
1339 2550 1369 2575 di
1389 2551 1537 2576 Giovanni
1559 2559 1632 2577 vesc.
1652 2552 1729 2577 card.
1749 2553 1778 2577 dl
1799 2552 1827 2577 S.
1845 2552 1953 2577 Sabina
1972 2559 1987 2576 e
2005 2552 2035 2576 dl
2055 2552 2155 2577 Pletro

1257 2593 1287 2618 di
1308 2593 1406 2626 Capua
1426 2594 1500 2619 diac.
1519 2594 1593 2619 card.
1614 2594 1644 2619 di
1663 2595 1691 2620 S.
1714 2594 1846 2627 Glorgio,
1865 2594 1902 2619 fin
1926 2594 2058 2627 dnll'apr.
2087 2601 2154 2628 1²34

1256 2643 1346 2661 aveva
1366 2636 1503 2661 richiesto
1523 2637 1597 2662 aiuti
1616 2638 1645 2662 al
1664 2645 1738 2670 papa
1757 2645 1771 2662 e
1785 2638 1816 2662 lo
1830 2644 1920 2662 aveva
1932 2639 2054 2671 pregato
2068 2638 2099 2662 dl
2111 2636 2153 2662 di·
2181 2643 2215 2672 45

1256 2679 1357 2702 timere
1377 2678 1403 2702 le
1422 2680 1566 2710 questioni
1591 2679 1667 2704 della
1692 2678 1874 2710 Lombaffiia,
1899 2679 1975 2704 della
2000 2679 2099 2704 Μαι-οι
2124 2679 2155 2704 di

1256 2719 1376 2744 Treviso
1396 2728 1411 2744 e
1430 2721 1460 2745 di
1479 2721 1641 2754 Romagna.
1674 2721 1713 2746 Di
1727 2723 1805 2747 tutto
1818 2723 1917 2754 questo
1932 2721 1954 2746 il
1968 2729 2041 2754 papa
2053 2722 2076 2746 il
2090 2729 2107 2754 4
2119 2721 2154 2750 V,

1254 2770 1344 2788 aveva
1363 2763 1430 2787 dato
1452 2765 1562 2789 notizia
1578 2763 1592 2776 “
1603 2764 1772 2789 Rectorlbus
1786 2765 1933 2789 societatis
1946 2763 2118 2790 Lombnrdle
2128 2773 2153 2797 ,ς

1255 2806 1277 2830 ll
1298 2812 1331 2838 ²4
1351 2805 1430 2831 dello
1451 2808 1540 2831 stesso
1560 2815 1633 2831 mese
1656 2815 1669 2832 e
1697 2807 1717 2831 il
1738 2814 1752 2839 3
1773 2806 1826 2831 VII
1845 2813 1934 2831 aveva
1960 2807 2097 2833 ordinato
2122 2807 2152 2832 di

1258 2849 1301 2872 far
1319 2855 1432 2880 passare
1452 2848 1639 2874 liberamente
1663 2848 1739 2874 dalle
1765 2849 1828 2873 loro
1853 2850 1928 2873 terre
1953 2849 1964 2874 i
1989 2849 2076 2874 militi
2102 2849 2153 2874 che
2181 2853 2216 2880 50

1256 2891 1400 2914 venivano
1419 2890 1496 2916 dalla
1515 2890 1672 2916 Germania
1690 2892 1722 2915 ln
1742 2892 1823 2915 aiuto
1843 2891 1918 2915 della
1938 2891 2033 2916 chiesa
2051 2893 2152 2916 contro

1255 2932 1265 2956 i
1278 2932 1415 2960 Roman1;
1427 2933 1463 2957 cf.
1479 2933 1670 2962 Ronaunano,
1683 2932 1705 2962 Ι,
1718 2939 1767 2957 nn.
1782 2933 1842 2965 580,
1858 2932 1918 2963 581,
1933 2931 1983 2966 583
1997 2940 2011 2957 e
2031 2932 2091 2966 587,
2105 2941 2152 2967 pp.

1254 2980 1364 3008 472-74,
1378 2974 1430 3007 476
1443 2983 1457 2999 e
1471 2983 1528 3008 sg.3
1550 2975 1609 3001 Vita
1629 2975 1762 3007 Gregorii
1775 2975 1921 3006 IXpapae
1935 2977 1964 2999 in
1979 2975 2152 3005 Mun-mnu,

1256 3018 1321 3043 RR.
1344 3018 1383 3042 II.
1402 3018 1462 3049 SS„
1483 3017 1533 3049 111,
1553 3017 1662 3051 575-87,
1680 3017 1778 3042 all’an.
1801 3024 1875 3050 1234.
