2320 3444
43 207 47 227 ³
106 227 159 264 [A.
179 227 272 264 ωε]
885 223 1162 259 CHRONICA
1871 225 1943 260 129

52 350 55 374 3
107 353 123 371 ⁸
137 353 363 396 dispositione
387 364 457 387 non
480 354 612 388 fallitur
633 355 748 388 omnia
771 355 912 388 fortiter
927 366 947 387 a

108 407 204 440 “fine
227 418 336 451 usque
360 407 407 441 ad
429 408 532 441 finem
556 409 749 453 actingens‚
773 408 865 442 sicut
886 408 949 440 mi-

46 471 48 473 ·
105 459 121 478 ¹⁶
135 461 246 494 randa
269 460 316 493 ita
333 466 368 493 et
383 461 557 495 laudanda
572 462 743 495 suauitate
766 461 947 506 disposuit,

52 538 54 543 .
106 516 122 533 ⁸
139 525 182 548 ac
206 520 302 548 certo
318 525 457 558 semper
471 515 615 548 rationis
636 516 806 559 regimine
828 516 947 549 mode-

107 570 123 587 ⁸
134 573 240 600 ratur.
286 568 374 602 Cum
398 569 514 612 aliqua
530 580 615 613 ergo
632 570 798 602 eueniunt
813 579 882 613 que
897 570 949 603 ui-
1035 567 1053 599 5

109 623 125 640 ⁸
137 620 287 655 deantur
301 622 461 666 indigna,
477 633 547 656 non
563 623 669 657 debet
683 623 834 656 humana
849 633 948 655 mens

107 676 122 694 ⁸
139 685 217 708 cum
247 677 519 710 murmuratione
549 677 587 709 in
610 677 773 720 operibus
801 677 949 710 scanda-

105 729 121 747 “
134 729 233 762 lizari
256 730 395 770 diuinis,
412 737 465 764 set
479 742 522 764 ea
538 742 616 764 cum
639 731 867 764 ueneratione
884 740 948 773 po-

47 778 49 780 *
106 783 201 816 ‘tius
223 784 397 817 ammirari
419 790 454 818 et
470 785 626 829 cogitare
640 785 832 827 prudenter
854 784 948 827 quod

106 837 122 855 ‘⁴
133 836 239 876 Deus,
271 843 305 870 et
326 837 354 871 si
384 838 590 882 frequenter
624 839 774 876 occulta,
809 847 949 881 semper
1014 834 1053 866 10

105 891 121 908 ⁸
134 896 248 922 tamen
264 890 353 924 iusto
370 891 494 924 ordine
511 897 640 924 cuncta
653 891 752 929 facit,
773 902 816 924 ac
833 891 947 924 humi-

102 943 118 960 *
134 943 210 976 liter
230 954 485 989 recognoscere
501 955 539 977 se
557 945 638 978 dum
655 944 799 989 indigna
823 950 947 978 censet

105 998 120 1016 ‘⁴
129 1007 197 1041 que
213 998 259 1030 de
273 998 393 1031 diuina
409 998 632 1041 dispositione
643 999 839 1041 procedunt
849 998 948 1042 igno-

105 1051 121 1068 ¹‘
132 1057 264 1084 rantem
279 1050 434 1084 tenebris
450 1051 664 1092 obuolutum,
679 1062 746 1084 nec
768 1062 870 1094 posse
886 1061 945 1085 ce-

105 1105 227 1137 “lestis
249 1105 403 1138 archana
433 1104 569 1138 consilii
590 1105 820 1149 intelligentie
843 1105 943 1138 radio
1014 1099 1051 1133 15

104 1156 318 1201 “penetrat-e.
334 1158 520 1192 Credimus
531 1159 700 1202 siquidem
713 1159 840 1192 multos
851 1158 945 1201 apud

104 1212 334 1255 ‘semetipsos
355 1212 558 1245 scandalum
583 1223 702 1255 passos
729 1222 827 1251 exeo,
850 1212 945 1256 quod

103 1267 118 1284 ⁸
132 1265 286 1299 laborem
323 1276 391 1309 que
428 1277 494 1309 pro
531 1266 795 1309 recuperatione
833 1266 945 1299 Terre

103 1320 118 1337 ⁸
125 1324 244 1352 sancte
256 1319 433 1352 modernis
444 1319 661 1362 temporibus
671 1319 776 1353 subiit
787 1319 947 1353 christia-

31 1366 33 1369 ’
52 1373 118 1407 eor“
131 1383 178 1405 na
192 1372 358 1415 deuotio‚'
376 1373 497 1406 diuina
510 1373 681 1412 uoluntas,
697 1373 772 1406 sine
788 1383 857 1416 qua
868 1383 946 1416 pas·
1009 1369 1051 1400 20

102 1427 117 1444 ‘⁶
127 1437 184 1459 ser
206 1437 278 1459 non
293 1432 408 1470 potest
425 1427 554 1459 cadere
569 1437 673 1469 super
688 1432 827 1465 terram,
843 1436 946 1470 passa

102 1481 118 1499 ⁸
129 1490 204 1513 esse
216 1480 267 1513 sic
278 1490 428 1513 uacuum
440 1480 594 1513 fructum
609 1485 729 1522 optato
744 1490 765 1512 a
781 1480 850 1513 suis
861 1480 946 1513 fide-

103 1533 216 1567 “libus
226 1539 261 1567 et
273 1539 392 1576 optato
405 1543 447 1566 ac
457 1533 613 1566 redditos
624 1543 698 1566 esse
710 1533 818 1576 ipsius
829 1543 946 1577 perse-

103 1588 118 1605 ⁸
131 1587 269 1620 cutione
285 1587 416 1630 negotii
433 1587 602 1626 remissos,
618 1587 717 1630 quasi
728 1586 944 1620 Christiano-

103 1643 118 1660 “
130 1652 205 1674 rum
228 1641 380 1674 studium
403 1641 552 1674 Domino
568 1651 637 1675 non
653 1641 833 1684 placuerit,
850 1641 944 1684 quod
1007 1636 1050 1669 25

28 1726 30 1731 ,
103 1695 118 1713 ⁸
130 1695 261 1728 effectu
276 1695 326 1727 sic
342 1695 502 1728 fraudari
514 1695 679 1738 permisit.
702 1695 834 1728 Horum
846 1705 943 1728 mens

37 1774 41 1779 .
102 1749 118 1767 “
127 1755 180 1782 est
190 1748 348 1792 exemplo
360 1748 507 1782 filiorum
521 1749 626 1782 Israel
638 1748 836 1787 solidanda:
850 1749 944 1792 quod

103 1803 218 1836 “sicut
240 1802 278 1834 in
301 1802 389 1835 libro
412 1802 570 1836 Indicum
595 1802 722 1846 legitur
735 1827 750 1844 „
773 1802 854 1836 “bis
869 1812 945 1835 suc-

102 1858 118 1874 “
135 1858 151 1875 ⁸
163 1856 393 1890 cumbuerunt
409 1857 444 1889 in
467 1857 666 1896 certamine,
682 1857 777 1901 quod
792 1857 869 1900 ipso
892 1857 945 1890 iu-

101 1911 117 1929 “
135 1912 151 1929 ⁸
162 1910 267 1944 bente
279 1910 430 1943 Domino
442 1910 591 1944 inierunt
604 1934 634 1951 „.
658 1911 721 1944 Set
732 1911 812 1955 quia
823 1920 945 1944 neces·
1008 1905 1050 1938 30

99 1963 161 1996 “se
175 1970 238 2006 est,
253 1970 291 1997 ut
306 1964 435 2004 uincat‚
446 1963 505 2007 qui
522 1963 692 1998 constanti
703 1964 771 1998 fide
783 1964 819 1997 in
831 1965 944 1998 nomi-

102 2018 118 2035 “
129 2027 174 2050 ne
195 2027 240 2050 ac
250 2028 315 2060 pro
327 2017 466 2050 nomine
478 2017 545 2050 Dei
556 2023 723 2061 pugnant,
737 2017 796 2062 qui
810 2018 943 2061 duplici

101 2069 116 2087 ⁸
129 2080 247 2114 pugna
263 2077 385 2104 contra
400 2071 541 2105 fuerant
556 2076 592 2104 et
607 2071 785 2104 conterriti
801 2072 942 2104 domum

103 2122 120 2142 “
130 2123 208 2157 Deo
219 2124 429 2167 respiciente
445 2124 597 2167 ipsorum
611 2125 834 2158 deuotionem
847 2125 944 2158 fidei-

103 2179 118 2195 '‘
131 2188 199 2221 que
213 2178 440 2212 constantiam
456 2179 561 2222 plena
573 2179 722 2212 uictoria
737 2185 815 2212 sunt
831 2179 942 2222 potiti.
1008 2171 1050 2204 35

103 2231 118 2248 “
131 2231 204 2264 Nos
219 2231 361 2274 quidem
378 2232 527 2265 animum
543 2238 697 2266 nostrum
713 2243 816 2276 quem
832 2233 941 2265 sinon

102 2284 262 2318 “deiecit
284 2285 439 2328 grauiter
470 2291 588 2319 tamen
621 2286 795 2319 concussit
817 2286 943 2319 aduer-

30 2335 41 2366 ἶ
102 2338 119 2355 “
129 2337 210 2371 sitas
232 2338 352 2381 populi
378 2338 577 2378 Christiani,
594 2339 662 2372 hoc
677 2345 713 2372 et
728 2339 807 2372 aliis
822 2339 942 2372 diuine

101 2390 255 2436 “pagine
279 2391 545 2426 corroborantes
567 2392 738 2436 exemplis
771 2399 942 2426 nostrum-

102 2445 118 2463 “
131 2455 198 2488 que
221 2445 390 2479 iactantes
420 2446 457 2478 in
489 2445 608 2479 diuina
642 2446 884 2480 misericordia
907 2451 943 2478 et
1009 2441 1051 2472 40

38 2510 41 2511 ⁷
100 2497 116 2515 ‘⁴
133 2499 290 2541 potentia
306 2499 499 2542 cogitatum
514 2499 611 2542 quod
625 2509 687 2542 pro
704 2499 813 2542 ipsius
827 2499 942 2532 Terre

40 2541 42 2547 λ
101 2553 116 2570 ·
130 2557 250 2584 sancte
281 2552 550 2594 recuperatione
573 2557 733 2595 satagere
756 2562 825 2585 non
849 2552 943 2585 desi-

40 2613 51 2651 j
103 2606 118 2624 ⁸
129 2604 248 2639 stimus
284 2611 338 2638 set
375 2605 573 2638 infirmitate
611 2606 746 2648 proprii
784 2605 944 2649 corporis

99 2657 115 2675 ¹⁴
129 2659 229 2701 quasi
253 2664 376 2692 contra
399 2669 496 2702 spem
520 2658 673 2692 omnium
695 2659 756 2703 qui
779 2669 855 2692 eam
879 2669 941 2692 no-

103 2712 118 2730 ⁸
130 2717 265 2751 nerant,
287 2718 449 2755 superata
480 2710 534 2744 bis
557 2722 636 2744 cum
666 2710 847 2745 karissimo
871 2712 943 2744 filio
1007 2707 1050 2739 45

33 2796 35 2805 ,,
102 2765 119 2784 ⁶
131 2771 245 2798 nostro
290 2763 505 2807 F[rederico]
545 2765 666 2798 illustri
705 2764 942 2798 Romanorum

33 2841 40 2862 3
101 2819 264 2861 “semper
296 2824 443 2862 augusto
465 2828 508 2851 ac
530 2828 614 2862 rege
642 2818 765 2852 Sicilie
800 2823 943 2861 propter

190 2951 212 2970 1.
233 2944 374 2970 fertiliter
392 2944 487 2972 Gaum.
509 2959 539 2964 —
561 2943 615 2976 7-8.
628 2944 817 2970 seandellzari
834 2944 896 2970 Cod.
910 2958 943 2963 -

102 2994 142 3014 n.
160 2991 246 3015 cunta
265 2987 365 3016 ΟΑσυ.

231 3138 265 3165 Τ.
285 3139 344 3170 VII,
363 3147 389 3172 p.
409 3145 435 3164 n
454 3153 486 3158 —
505 3147 532 3173 9.
