2320 3444
380 344 394 360 ⁴⁴
409 343 504 375 dicio
528 343 722 375 libertatum
746 354 880 375 suarum
904 354 990 386 quas
1020 344 1111 387 [iszi
1143 357 1222 388 pre-

381 396 512 428 “dictis
536 396 689 428 habuere
721 396 932 438 temporibus
956 398 1221 440 compelluntur.

377 451 391 466 “
407 449 510 481 Unde
534 459 595 480 nos
619 449 836 480 attendentes
861 450 956 491 quod
981 461 1025 482 ex
1048 461 1117 494 quo
1144 463 1222 495 pre-

377 504 391 519 “
405 501 469 533 fati
492 501 608 544 Regni
626 501 733 533 nostri
750 501 873 543 prelati
889 513 924 534 se
941 509 1119 546 promptos
1135 505 1221 537 offe-

378 556 391 571 “
405 560 484 586 runt
507 560 541 586 et
563 559 705 595 paratos
728 554 928 586 mandatum
953 563 1107 589 nostrum
1136 569 1221 601 quo·
1308 562 1325 592 5

375 607 494 638 “tiens
524 607 569 638 ad
602 607 693 648 ipsos
715 607 823 640 fuerit
846 608 1046 650 specialiter
1068 610 1220 644 destina-

378 662 473 692 “tum
498 660 542 691 de
566 660 792 692 subuentione
819 661 918 694 nobis
948 665 1137 704 prestanda
1161 665 1220 698 de-

375 713 482 744 “uote
515 718 550 744 et
579 712 723 755 ylariter
754 713 958 755 adimplere,
992 722 1026 747 et
1059 718 1153 759 quod
1184 719 1220 751 id

376 765 486 798 “satis
509 764 728 797 laudabiliter
760 765 825 797 iam
857 767 1030 807 fecerunt,
1061 770 1220 803 nolentes

376 818 493 860 “ipsas
516 818 684 851 ecclesias
708 818 854 851 clericos
877 820 1095 855 obedientias
1109 824 1220 856 homi·
1287 828 1325 859 10

373 871 387 887 ‘⁴
402 881 464 902 nes
488 877 522 903 et
545 872 768 913 possexiones
791 883 870 905 suas
894 882 1016 907 contra
1041 877 1220 910 libertates

375 926 486 967 “quas
510 924 719 967 supradictis
741 928 951 969 temporibus
975 929 1169 964 habuerunt
1184 932 1220 964 in

376 978 568 1020 “predictis
599 979 765 1018 collectis,
797 980 924 1018 talleis,
959 982 1047 1015 datis
1079 989 1113 1016 et
1144 985 1221 1017 aliis

376 1033 390 1048 ¹⁴
404 1031 553 1073 publicis
575 1031 729 1064 seruitiis
753 1034 960 1074 ammisceri,
977 1036 1222 1070 nichilominus

375 1086 389 1102 ‘⁴
402 1091 634 1126 precauentes
649 1096 693 1116 ne
710 1086 808 1117 felici
824 1092 982 1130 tempore
999 1095 1118 1123 nostro
1135 1101 1218 1124 con·
1287 1095 1323 1127 15

376 1139 456 1170 “tra
490 1137 657 1170 ecclesias
693 1145 728 1172 et
761 1150 929 1181 personas
963 1143 1219 1177 ecclesiasticas

372 1192 386 1207 “
402 1201 508 1233 praue
533 1192 792 1224 consuetudinis
814 1194 997 1236 scrupulus
1027 1195 1220 1231 inualescat

374 1246 388 1262 ⁴⁴
402 1244 494 1276 unde
505 1244 541 1276 in
557 1251 733 1286 posterum
747 1246 796 1278 eis
808 1248 1041 1288 preiudicium
1055 1256 1089 1282 et
1105 1250 1218 1283 anime

373 1298 387 1314 “
403 1304 518 1330 nostre
534 1297 726 1340 periculum
750 1306 950 1342 generetur,
975 1302 1025 1334 sic
1049 1303 1217 1344 duximus,

375 1352 518 1383 “nostra
555 1351 722 1383 suadente
762 1352 945 1386 clementia
987 1357 1218 1396 statuendum,
1282 1364 1323 1395 20

374 1405 490 1447 “quod
504 1410 816 1448 quantumcumque
829 1406 986 1440 homines
1003 1415 1140 1442 nostros
1155 1421 1218 1444 nos

374 1458 389 1474 ‘⁴
403 1463 562 1499 oporteat
583 1458 731 1502 fatigare
747 1460 861 1492 talleis
878 1467 911 1493 et
927 1462 1088 1496 collectis
1103 1465 1218 1497 eccle-

371 1509 386 1527 “
401 1511 461 1549 sie,
485 1511 563 1544 loca
587 1513 759 1555 religiosa,
784 1524 932 1556 persone
966 1517 1217 1559 ecclesiastice,

374 1565 598 1598 “obedientie
629 1577 747 1599 eorum
779 1568 940 1601 homines
971 1576 1005 1602 et
1034 1570 1127 1604 bona
1156 1582 1218 1604 sua

374 1617 508 1650 “nichil
531 1619 567 1650 in
590 1620 639 1652 eis
662 1621 875 1664 participent
898 1633 979 1655 cum
994 1624 1135 1665 eisdem,
1151 1626 1217 1658 nisi
1281 1631 1321 1663 25

371 1672 385 1688 ‘⁶
401 1671 582 1714 probatum
605 1674 758 1717 legitime
776 1675 882 1708 fuerit
897 1676 1031 1721 aliquas
1047 1678 1217 1712 ecclesias

372 1727 460 1757 “seu
483 1725 640 1759 homines
669 1738 749 1760 suos
778 1728 949 1772 s[cilicet]‚
980 1737 1136 1774 tempore
1166 1742 1218 1765 se-

373 1779 507 1811 “cundi
540 1781 632 1823 regis
666 1781 835 1814 Willelmi
870 1784 1071 1817 consobrini
1109 1786 1215 1819 nostri

373 1833 388 1849 ¹⁴
401 1833 587 1866 recolende
610 1835 779 1867 memorie
797 1846 874 1869 cum
898 1837 1095 1871 hominibus
1110 1844 1217 1872 terra-

373 1886 474 1917 “rum
497 1886 556 1919 ubi
580 1893 659 1919 sunt
681 1887 716 1919 in
738 1888 936 1923 huiusmodi
958 1892 1111 1924 seruitiis
1132 1903 1215 1925 con·
1278 1900 1320 1932 30

371 1938 385 1954 “
399 1938 535 1978 tulisse3
559 1947 611 1972 set
634 1951 711 1973 cum
735 1942 835 1975 nobis
857 1943 1042 1986 placuerit,
1062 1946 1129 1989 ipsi
1152 1957 1216 1989 per

371 1994 386 2010 ‘⁴
399 2003 435 2025 se
460 1993 559 2026 nobis
581 1994 848 2029 subuentionem
865 1998 1001 2032 facient
1016 2001 1213 2042 spetialem:

373 2046 550 2079 “seruitiis
573 2054 698 2087 tamen,
722 2060 791 2094 que
823 2057 976 2095 tempore
1007 2053 1093 2086 dicti
1123 2054 1216 2098 regis

373 2101 387 2117 ‘⁶
403 2101 549 2143 quedam
574 2103 740 2141 ecclesie,
765 2106 977 2139 monasteria
991 2112 1060 2139 tam
1077 2107 1113 2139 in
1129 2107 1216 2140 mili-

371 2153 386 2169 “
401 2152 499 2194 tibus,
514 2156 758 2196 seruientibus,
775 2160 997 2201 reparatione
1013 2167 1214 2203 castrorum,
1277 2166 1317 2198 35

374 2206 503 2248 “quam
536 2208 571 2239 in
603 2209 680 2242 aliis
709 2211 820 2244 causis
854 2213 974 2245 facere
1008 2214 1216 2247 tenebantur

374 2259 516 2291 “nostre
541 2261 644 2294 Curie
669 2264 806 2305 penitus
829 2267 1022 2299 reseruatis.
1066 2267 1214 2300 Uerum·

194 2326 288 2348 215⁶„
374 2311 427 2343 “si
452 2312 571 2346 clerici
598 2320 633 2347 et
656 2316 815 2350 homines
831 2319 1063 2352 ecclesiarum·
1085 2327 1119 2353 et
1142 2332 1213 2354 mo-

374 2364 628 2399 “nasteriorum
653 2376 772 2410 preter
795 2381 853 2403 eas
870 2373 1106 2414 possexione8‚
1130 2385 1215 2418 quas

373 2418 388 2434 ⁴⁴
400 2417 445 2450 ab
469 2420 629 2453 ecclesiis
643 2427 763 2456 tenere
779 2431 978 2467 noscuntur,
995 2438 1014 2458 a
1030 2426 1135 2460 Curia
1150 2438 1211 2460 no·
1276 2435 1317 2466 40

373 2472 387 2488 ‘⁴
399 2476 480 2510 stra,
497 2472 684 2507 baronibus
700 2478 824 2510 nostris
839 2489 1057 2523 quocumque
1081 2482 1147 2514 alio
1170 2483 1211 2515 ti-

371 2523 385 2539 “
400 2524 472 2556 tulo
496 2526 581 2558 alias
604 2529 826 2569 possexiones
850 2533 966 2575 adepti
989 2540 1067 2567 sunt
1096 2535 1153 2567 uel
1177 2537 1212 2568 in

373 2578 387 2594 “
401 2583 503 2610 antea
537 2586 703 2621 poterunt
739 2584 896 2626 adipisci,
934 2586 1029 2619 iuxta
1066 2588 1212 2621 formam

373 2631 387 2647 ⁸
401 2632 659 2667 constitutionis
681 2641 797 2668 nostre
815 2638 944 2670 dudum
960 2651 980 2671 a
995 2641 1095 2673 nobis
1118 2641 1212 2674 edite

374 2683 445 2716 “de
467 2685 549 2727 ipsis
579 2690 845 2729 possexionibus
875 2703 940 2735 que
972 2694 1211 2728 ecclesiastice
1274 2701 1314 2733 45

372 2738 386 2754 “
401 2748 468 2770 non
494 2740 623 2772 fuerint
646 2748 680 2774 et
702 2743 746 2775 ab
762 2744 922 2777 ecclesiis
938 2757 1006 2778 non
1025 2748 1210 2788 tenuerint,

370 2788 384 2806 “
399 2790 434 2822 in
447 2792 613 2833 predictis
630 2795 789 2828 collectis
806 2804 839 2829 et
855 2799 1002 2832 seruitiis
1017 2802 1210 2834 secundum

456 2924 479 2950 6.
493 2927 652 2958 spetialiter
665 2928 761 2955 Grun.
776 2944 807 2948 -
821 2931 846 2956 8.
859 2932 996 2964 hylariter
1009 2933 1105 2959 GAUD.
1120 2949 1152 2954 —
1166 2943 1208 2968 13·

371 2974 409 2999 14.
423 2970 532 3002 publici
546 2970 639 2997 GAUD.
660 2986 691 2991 —
706 2981 747 3007 44.
768 2977 862 3000 nostre
881 2977 986 3003 dudum
1006 2987 1098 3004 manca
1112 2979 1208 3007 GAUD.
