2320 3444
146 232 198 270 [Α.
218 233 312 269 1209]

149 362 165 379 ⁸
176 360 343 403 pietatum
358 359 493 392 scelera
507 365 543 392 et
553 358 832 391 machinamenta
843 356 990 401 perfidie

150 413 214 446 “in
247 413 323 456 ipso
353 412 479 446 comite
511 418 547 445 et
575 412 612 444 in
642 411 718 444 aliis
747 421 836 455 quos
867 410 989 443 infecit

149 467 295 499 ‘reatus
323 465 494 499 noluimus
523 465 712 499 crudeliter
742 464 908 507 plectere,
938 469 990 495 set

149 519 164 536 ‘⁴
177 519 305 553 leniter
327 520 442 562 potius
466 519 654 562 castigare;
677 519 773 551 unde
802 517 840 550 iu
870 526 989 549 eorum

150 574 165 591 ⁴
177 583 326 615 persona
341 572 427 616 quid
443 572 584 605 crudele
601 570 817 614 permisimus
831 569 890 602 uel
901 569 990 601 iniu-

150 626 305 659 “riosum
327 624 478 658 inferri?
501 636 569 658 nec
592 624 760 668 quicquid
782 623 827 656 ab
850 623 901 656 eis
923 622 989 655 nisi

151 679 378 712 ‘demanium
407 673 562 712 nostrum
592 677 784 720 exegimus,
814 682 851 709 et
876 676 990 718 ipsum

150 733 248 765 “non
269 739 389 772 totum,
412 732 499 764 sicut
522 736 670 774 apparet
700 730 737 762 in
768 730 836 762 hiis
867 728 990 773 quibus

149 785 392 819 “reddidimus
413 784 559 829 gratiam
582 789 744 820 nostram,
776 782 836 825 qui
859 791 989 826 cogno-

58 879 67 883 Μ
149 839 315 871 “scentes
336 838 371 870 in
401 848 439 870 se
469 836 746 869 misericordiam
777 841 929 868 nostram
953 834 989 867 in

47 894 60 906 ”
96 924 99 925 ⁷
149 893 164 910 “
176 891 327 924 seruitiis
342 891 466 924 nostris
482 889 630 923 fideliter
645 899 683 921 se
699 893 876 921 exercent.
911 887 989 920 Hec

149 944 260 977 “ideo
281 944 346 977 tibi
369 943 527 976 duximus
557 942 607 975 sic
639 942 770 974 diffuse
801 940 990 974 scribenda

148 1000 163 1016 ⁸
177 1003 212 1030 et
234 997 359 1031 ceteris
380 996 541 1029 fidelibus
563 996 690 1028 nostris
713 995 758 1028 de
789 995 929 1039 Regno,
952 999 990 1026 ut

149 1051 315 1084 “tollatur
337 1051 448 1084 omnis
470 1049 626 1092 suspitio,
648 1059 717 1092 qua
738 1048 783 1081 de
805 1048 900 1081 facto
918 1048 987 1079 hoc

148 1104 293 1147 “plures
331 1103 609 1146 obloquebantur
646 1111 755 1145 usque
793 1101 910 1140 modo,
953 1106 990 1134 et

148 1159 296 1190 “omnes
317 1157 352 1189 in
382 1156 530 1190 ueritate
560 1156 716 1193 credant,
745 1155 839 1198 quod
869 1164 989 1187 eorum

148 1210 386 1254 “peruersitas
407 1209 511 1243 talem
534 1209 658 1241 meruit
681 1208 911 1250 disciplinam,
926 1217 990 1250 per

146 1263 162 1280 ‘²
176 1274 280 1308 quam
301 1263 514 1296 benedicens
536 1262 613 1295 Deo
635 1262 803 1295 maiorem
825 1261 894 1293 iam
908 1271 988 1303 par-

145 1317 160 1335 *
175 1322 246 1350 tem
267 1321 303 1349 et
325 1316 504 1349 meliorem
527 1315 678 1349 demanii
702 1314 812 1348 nostri
841 1323 988 1356 recupe-

148 1370 325 1403 “rauimus
348 1376 418 1402 tam
441 1369 477 1402 in
500 1369 623 1402 Sicilia
638 1379 740 1411 quam
764 1368 800 1400 in
816 1367 988 1406 Calabria,

148 1425 164 1442 ‘⁴
176 1429 212 1456 et
233 1423 270 1456 in
291 1423 487 1456 huiusmodi
509 1422 774 1465 recuperatione
789 1421 989 1464 proficimus

146 1477 162 1494 ⁸
177 1478 270 1510 omni
293 1477 360 1511 die.
406 1478 532 1510 Datum
555 1475 716 1508 Messane
731 1485 813 1508 xxm
836 1473 988 1508 Ianuarii

148 1533 163 1549 ²
176 1540 244 1563 xm
267 1529 475 1563 indictionis
497 1528 612 1572 [1210]
630 1527 652 1561 ¹.

231 1584 340 1627 [O]tto
363 1584 407 1616 de
429 1581 581 1616 Saxonia
604 1583 648 1615 ab
671 1581 874 1615 Innocentio
896 1591 989 1624 papa

142 1643 287 1671 uocatus
302 1635 395 1680 apud
410 1642 568 1669 sanctum
584 1635 725 1668 Petrum
740 1635 776 1667 in
791 1635 987 1668 Romanum

63 1729 65 1732 ¹
142 1692 389 1734 imperatorem
423 1695 619 1731 coronatur,
654 1699 726 1722 non
759 1688 832 1721 sine
862 1698 988 1732 magna

52 1733 85 1787 Ῐᾎ
139 1751 254 1790 strage
277 1755 427 1784 suorum,
450 1744 510 1787 qui
533 1743 757 1776 iureiurando
781 1747 816 1774 et
838 1742 882 1775 de
905 1752 988 1774 con-

68 1835 70 1837 ,
138 1799 319 1832 seruandis
340 1796 516 1842 regalibus
538 1797 649 1830 sancti
672 1795 766 1829 Petri
782 1796 827 1829 de
843 1806 915 1828 nou
931 1796 986 1828 oi—

48 1867 60 1885 J
77 1852 322 1885 -wtrfendendo
357 1861 475 1895 regem
505 1849 626 1883 Sicilie
655 1848 920 1892 F[redericum]'
951 1849 987 1882 in

59 1907 61 1910 ⁴
141 1906 336 1939 Marchiam
359 1911 395 1938 et
418 1911 534 1948 partes
559 1904 687 1937 Tuscie
717 1904 897 1943 secedens,
927 1903 985 1936 ubi

140 1970 204 2003 per
227 1969 354 1992 annum
376 1959 579 1992 continuum
602 1967 732 1991 moram
749 1957 836 1990 fecit
848 1957 870 1990 ¹.
908 1957 987 1990 Hoc

56 2048 60 2057 7
142 2023 232 2047 anno
266 2022 385 2045 mense
419 2011 507 2044 Maii
541 2011 733 2054 penultimo
768 2011 827 2044 die
862 2010 988 2044 mensis

54 2077 67 2108 ξ
84 2065 299 2114 &fficiusdem
324 2065 512 2099 Rostridus
533 2064 731 2098 Casinensis
757 2064 863 2098 abbas
892 2064 986 2107 apud

56 2111 305 2169 ''nggsanctum
330 2119 541 2153 Germanum
563 2123 717 2151 mortuus
740 2124 809 2153 est:
835 2118 891 2150 cui
918 2118 986 2150 Pe·

56 2171 213 2224 4ἱῑᾞάιίιιι
228 2173 343 2206 dictus
357 2173 494 2212 Comes,
510 2172 568 2216 qui
585 2177 688 2205 antea
711 2171 824 2205 offitio
841 2172 983 2204 functus

58 2227 256 2260 =¹²¹⁰lfuerat
278 2227 479 2264 decanatus,
501 2225 678 2262 successit.
695 2225 756 2269 qui
772 2225 868 2259 circa
882 2225 984 2258 finem

235 2342 275 2361 ιο.
300 2336 401 2360 mlram
426 2333 523 2359 Gaun.
548 2334 639 2360 invoco
663 2335 694 2360 aa·
710 2334 935 2360 misericordiam
956 2347 985 2352 —

147 2383 188 2403 1².
207 2377 248 2402 sle
266 2385 316 2403 om.
333 2376 428 2401 GAUD.
448 2389 481 2393 —
503 2380 544 2407 17.
555 2375 752 2402 benedicentes
772 2375 870 2401 GAuu.
889 2389 922 2394 —
943 2374 986 2400 26.

144 2420 193 2452 qui
219 2419 372 2445 turerando
397 2416 541 2452 [prestito]
564 2417 660 2444 Grun.
687 2432 720 2437 —
745 2424 787 2451 ²9·
809 2418 850 2443 lbi
865 2422 920 2450 per
939 2418 986 2443 ubi

147 2461 244 2488 Gmn.

929 223 1210 261 CHRONICA

70 2774 121 2807 'ro

231 2561 242 2579 ¹
261 2561 350 2587 Come
367 2563 398 2587 ln
418 2562 488 2587 altri
509 2562 618 2594 luoghi.
639 2562 689 2587 che
712 2569 840 2588 verremo
865 2563 1037 2595 iudicando,

144 2603 178 2630 R.
196 2612 247 2630 usa
267 2604 365 2630 Panno
385 2603 399 2618 ¹‘
410 2605 444 2630 ab
464 2605 690 2637 incnrnattone„
710 2603 773 2630 eloe
799 2606 846 2630 dal
872 2612 904 2640 25
931 2614 1039 2638 marzo,

144 2646 237 2672 sicche
257 2647 278 2671 il
301 2653 342 2680 14,
362 2646 385 2676 1,
408 2653 484 2679 1209,
505 2647 565 2672 lnd.
584 2653 652 2678 xm,
672 2647 809 2680 risponde
827 2648 855 2672 al
880 2655 956 2674 1210.
993 2648 1040 2674 Cf.

145 2696 195 2722 per
213 2689 242 2714 la
260 2689 336 2719 data,
356 2689 485 2715 3611qu
503 2697 569 2718 ecc„
588 2697 616 2714 n.
645 2689 741 2721 1464&
764 2697 814 2723 per
838 2690 1041 2723 l'lmportanza

146 2732 175 2757 di
195 2733 294 2764 questo
313 2732 442 2766 dlploma
459 2739 475 2757 e
488 2740 537 2765 per
550 2733 577 2757 le
596 2734 757 2766 opportune
775 2734 984 2765 osservazionl,
1004 2735 1041 2760 cf.

147 2773 180 2799 G.
200 2775 358 2804 Pnonuccx,
378 2775 420 2800 La
436 2775 601 2808 giovinezza
622 2778 670 2800 etc.
689 2775 746 2807 cit„
766 2783 794 2808 p.
813 2775 829 2800 8
847 2783 862 2801 e
881 2783 908 2802 n.
929 2783 954 2802 1.

236 2814 247 2832 ¹
265 2816 376 2842 Ottone
393 2816 441 2847 1V,
460 2824 568 2850 genero
587 2816 632 2842 del
655 2817 669 2831 ¹‘
680 2824 709 2842 re
728 2817 774 2842 del
787 2817 910 2843 Franchl
924 2836 936 2849 ,
950 2819 981 2844 fu
994 2826 1041 2844 co-

147 2861 250 2884 ronato
268 2859 300 2884 ln
319 2859 411 2885 Roma
430 2860 603 2892 imperatore
621 2860 658 2885 da
674 2859 838 2885 Innocenzo
856 2860 906 2892 111,
920 2861 950 2891 n,
964 2869 989 2894 4,
1007 2861 1041 2893 X,

149 2907 225 2934 1209.
261 2901 328 2934 Egll
356 2909 448 2927 venne
475 2909 493 2927 a
522 2901 612 2926 Roma
637 2901 671 2926 ed
704 2902 772 2927 ebbe
798 2901 966 2928 “eomstatu
990 2911 1041 2928 suo

150 2943 320 2969 “sexmillla
348 2944 503 2969 lorieorum
529 2945 658 2978 exceptls
682 2945 868 2977 balistariis„
895 2948 958 2971 etc..
996 2946 1042 2972 Cf.

148 2986 312 3012 Αευεοιυυε
339 2985 548 3017 Luasseunsxs,
569 2987 700 3012 Chronica
712 2988 784 3012 slav.
797 2988 853 3018 cie„
867 2987 929 3018 v11,
941 2995 968 3022 p.
982 2995 1042 3021 249,

149 3029 178 3053 ln
198 3029 323 3054 ΒδΗΜιι
351 3036 415 3059 πα,
442 3037 469 3055 n.
494 3036 596 3063 3oog..
628 3030 651 3054 11
673 3030 818 3056 chronicon
845 3030 1043 3062 Sampetrn’num

1076 571 1093 601 5

1057 836 1095 867 10

1056 1157 1092 1189 15

1052 1426 1094 1458 20

1051 1693 1093 1726 25

1051 1963 1094 1995 30

1051 2231 1091 2263 35

1092 2566 1274 2596 Ertivitense,
1299 2566 1334 2591 da
1360 2569 1522 2601 opportune
1542 2566 1719 2591 indicazloni
1739 2566 1781 2590 sul
1801 2566 1887 2590 modo
1907 2573 1988 2590 come

1093 2608 1203 2634 Ottone
1220 2608 1261 2634 IV
1280 2609 1312 2634 su
1331 2610 1478 2643 spergiuro
1498 2609 1526 2634 al
1546 2610 1622 2641 pattl
1640 2609 1746 2640 giurati
1771 2615 1824 2632 eon
1851 2607 1991 2632 Innocen-

1093 2658 1126 2675 κο
1145 2650 1198 2676 111:
1219 2649 1401 2684 “Imperator
1420 2659 1478 2676 non
1498 2651 1589 2675 solum
1605 2657 1652 2675 sue
1671 2650 1774 2675 salutis
1794 2657 1890 2675 uerum
1905 2651 1991 2674 etlam

1095 2691 1108 2705 ⁴¹
1120 2692 1242 2718 humane
1261 2693 1432 2718 verecundte
1452 2694 1538 2717 nimis
1559 2693 1737 2724 impudenter
1750 2692 1858 2716 oblitus
1871 2693 1992 2724 promis·
2018 2697 2052 2715 20

1095 2734 1109 2749 ¹¹
1121 2735 1160 2760 sis
1180 2742 1239 2760 non
1266 2737 1357 2766 stetit,
1380 2735 1507 2760 violavit
1533 2735 1624 2764 fldem,
1643 2736 1671 2759 et
1689 2735 1724 2759 ad
1743 2741 1791 2759 sue
1810 2734 1992 2759 contusionis

1098 2776 1267 2802 “cumulum
1287 2779 1430 2811 periurare
1450 2785 1499 2802 nec
1519 2778 1627 2802 veritus
1647 2778 1690 2801 ent
1709 2784 1758 2801 nec
1777 2777 1992 2801 verecundatus.

1098 2819 1112 2833 α
1122 2818 1313 2845 Veruntamen
1329 2820 1462 2844 dominus
1477 2827 1550 2852 papa
1570 2818 1690 2843 iudicem
1705 2818 1890 2843 dissimulans
1904 2821 1932 2843 et
1945 2826 1992 2851 pa-

1098 2861 1111 2875 “
1122 2863 1193 2886 trem
1213 2862 1345 2887 exibens.
1355 2879 1374 2887 ..
1384 2878 1391 2886 .
1411 2862 1479 2886 fecit
1494 2862 1570 2894 quod
1584 2862 1688 2893 potuIt,
1702 2862 1824 2891 monuit,
1838 2861 1992 2890 consuluit,

1096 2903 1266 2938 “postremo
1285 2905 1335 2929 sub
1361 2905 1598 2929 interminatione
1622 2903 1942 2933 excommunicationis,
1962 2905 1993 2928 ut
2018 2912 2049 2939 25

1098 2946 1310 2980 “resipisceret.
1324 2947 1435 2971 indixit
1446 2964 1470 2978 ,,.
1485 2945 1531 2971 Cf.
1545 2946 1671 2971 Βὸι-ιΜκκ
1684 2953 1749 2977 ecc.,
1764 2954 1790 2970 n.
1804 2952 1852 2977 301
1863 2955 1893 2974 a;
1909 2946 1991 2970 Wm-

1096 2993 1252 3019 tutunus,
1274 2989 1384 3020 Philipp
1404 2997 1454 3013 von
1475 2988 1618 3013 Schwabe„
1631 2989 1687 3013 und
1703 2989 1766 3014 otto
1780 2988 1886 3013 IVvan
1901 2989 1988 3012 Brun—

1095 3031 1206 3064 schwig,
1227 3031 1285 3060 cit„
1298 3031 1324 3055 11
1343 3031 1394 3060 ed..
1414 3039 1441 3063 p.
1454 3030 1523 3063 4963
1544 3031 1586 3055 W.
1600 3029 1696 3062 Coun,
1716 3034 1757 3062 op.
1770 3031 1824 3061 cia,
1838 3038 1884 3063 pp.
1897 3029 1990 3060 60-60.
