2320 3444
64 222 86 294 Ἰ
112 246 165 286 [Δ.
185 247 278 284 1212]

104 373 133 395 '⁸
141 373 251 408 solum
266 373 300 407 in
317 374 383 407 hiis
394 385 461 418 que
473 375 702 418 promisimus,
714 385 834 408 uerum
846 375 949 408 etiam

72 430 95 467 1,
110 426 176 460 *in
214 427 375 470 pecuniis
412 433 447 461 et
484 428 676 466 dextrariis,
714 428 837 472 quibus
874 429 950 460 fere

75 478 262 515 '⁷⁸omnes
284 486 355 513 tam
377 480 507 514 milites
529 491 632 524 quam
655 481 844 514 seruientes
859 481 950 524 pari-

82 526 92 574 }
106 534 195 572 ,⁸ter
223 534 437 578 indigebant,
467 544 531 567 nos
565 534 719 577 oportuit
751 534 949 576 prouidere.

82 615 89 628 ᾗ
113 585 203 625 ἔδει
225 587 394 620 Dominus
417 587 474 630 qui
498 587 707 630 multiplicat
735 587 951 620 incrementa

111 641 279 685 ‘frugum
303 641 442 679 iustitie,
471 641 680 674 ministrauit
710 640 873 673 habunde
896 650 951 673 se-

68 694 87 727 ζ·
111 693 292 728 ⁵cuudum
328 705 389 727 sue
419 693 528 737 gratie
558 693 753 737 largitatem
785 698 821 726 et
851 693 950 726 dedit

70 771 86 782 .›
109 746 256 788 ‘omnia
277 757 379 791 posse
401 747 572 790 perficere
596 757 674 779 cum
697 746 840 780 honore.

68 793 74 834 s
198 801 213 818 '⁴
228 799 450 844 Congregata
480 809 566 844 ergo
595 804 712 832 nostra
743 806 779 832 et
812 810 950 832 suorum

78 859 79 862 ’
111 854 369 893 ‘multimdine‚
392 853 482 886 uiam
514 853 654 885 Domini
684 854 840 895 cepimus
869 864 948 896 pro-

74 915 81 949 ζ
111 908 266 942 “ἱὶεἱεοίτ
288 913 324 940 et
344 907 526 940 uenientes
548 906 594 939 ad
617 906 740 938 turrim
763 906 949 950 quamdam

75 963 78 989 ἶ
111 963 207 1006 ‘que
229 959 416 1004 Malegen¹
440 964 670 1002 nuncupatur,
685 959 768 992 satis
782 960 948 992 munitam

75 1039 78 1042 Α
109 1014 383 1049 ‘ultramontani
412 1018 494 1046 ante
525 1023 628 1056 quam
657 1022 721 1045 nos
748 1023 815 1055 per
843 1024 948 1046 unum

65 1066 80 1085 ²
111 1069 128 1087 ⁸
139 1068 232 1102 diem
249 1072 492 1111 peruenerunt.
509 1071 545 1100 et
559 1065 655 1098 illam
671 1077 751 1099 cum
765 1066 832 1099 Dei
850 1067 949 1100 adiu-

111 1122 228 1155 “torio
249 1121 503 1164 impugnantes,
518 1119 753 1152 incontinenti
769 1126 948 1163 ceperunt.

72 1190 74 1195 ·
110 1174 240 1208 ‘Licet
260 1180 375 1208 autem
398 1184 462 1206 nos
484 1173 534 1206 eis
556 1173 594 1206 in
615 1172 774 1206 omnibus
788 1184 949 1208 necessa·-

110 1228 199 1261 “riis
220 1228 484 1271 prouiderimus,
507 1227 572 1270 ipsi
587 1231 704 1259 tamen
718 1227 949 1260 adtendentes

62 1290 75 1319 ;;
109 1280 291 1315 ‘laborem
315 1287 406 1314 terre
429 1291 498 1324 que
523 1281 659 1313 deserta
683 1285 769 1319 erat,
792 1280 948 1324 aliquan-

88 1334 91 1339 ’
110 1334 247 1368 ‘tulum
270 1334 396 1374 calida,
419 1334 604 1367 uoluerunt
633 1333 780 1366 retroire
802 1345 822 1366 a
845 1339 948 1377 cepto

58 1399 86 1430 2*
110 1388 318 1432 “proposito
340 1394 376 1421 et
398 1387 444 1420 ad
474 1387 617 1430 propria
640 1397 808 1420 remeare.
852 1387 948 1420 Tan-

110 1442 228 1482 ‘dem,
251 1442 297 1475 ad
318 1451 478 1485 magnam
501 1440 700 1473 instantiam
730 1446 882 1474 nostram
914 1447 948 1474 et

64 1515 89 1543 '.>
109 1494 229 1539 ‘regis
250 1494 469 1539 Arragonum
493 1499 736 1537 processerunt
764 1505 872 1538 usque
902 1495 949 1528 ad

72 1574 81 1593 5
110 1549 125 1567 ⁸
138 1546 359 1582 Calatrauam
370 1547 394 1588 ¹,
410 1557 478 1591 que
496 1557 566 1580 non
583 1547 736 1581 distabat
751 1558 771 1579 a
786 1548 948 1590 predicto

73 1607 76 1609 ’
110 1601 262 1636 *Castro
285 1601 351 1634 nisi
375 1611 438 1644 per
460 1601 546 1633 duas
569 1601 699 1644 leugas,
716 1611 862 1644 eamque
885 1612 950 1635 nos

67 1659 77 1677 ⁴·
110 1655 182 1689 ‘ex
205 1661 307 1698 parte
337 1660 466 1696 nostra,
497 1659 533 1687 et
561 1664 624 1686 rex
654 1653 875 1697 Arragonum
905 1665 948 1688 ex

72 1707 89 1735 ³,
109 1708 126 1727 ⁶
137 1719 210 1749 sua,
232 1714 266 1742 et
287 1708 354 1751 ipsi
369 1719 413 1741 ex
428 1719 489 1740 sua
505 1708 540 1740 in
555 1708 623 1741 Dei
637 1707 775 1741 nomine
793 1709 949 1752 cepimus

80 1755 84 1760 ⁴
108 1761 348 1807 ‘expugnare.
394 1761 579 1795 Sarraceni
611 1769 735 1802 autem,
766 1761 826 1805 qui
856 1762 950 1794 intus

78 1815 80 1819 '
108 1817 249 1854 ‘erant‚
270 1815 490 1848 attendentes
520 1825 555 1848 se
586 1815 652 1848 Dei
682 1814 853 1848 exercitui
879 1825 950 1847 non

85 1864 97 1896 ‘5
109 1869 126 1887 ⁸
136 1878 237 1912 posse
259 1869 434 1907 resistere,
449 1869 696 1912 disposuerunt
711 1868 830 1902 uillam
847 1869 948 1902 nobis

85 1918 89 1946 ἕ
110 1922 287 1961 “tradere‚
310 1922 361 1955 ita
384 1922 478 1965 quod
501 1931 649 1964 persone
675 1922 770 1955 salue
802 1922 948 1961 exirent,

80 1998 88 2016 ·.
108 1974 374 2008 '‘uerumtamen
414 1976 489 2008 sine
526 1975 640 2008 rebus.
687 1974 844 2019 Cumque
886 1986 948 2008 nos

88 2020 97 2057 ‘.
109 2029 126 2047 ⁸
137 2028 233 2062 nulla
254 2029 390 2062 ratione
404 2028 574 2062 uellemus
590 2034 788 2072 acceptare,
804 2040 866 2062 rex
882 2028 948 2061 Ar-

79 2096 97 2128 l.}
110 2083 308 2127 ‘ragonum
331 2087 366 2115 et
387 2082 632 2116 ultramontani
662 2082 823 2116 uidentes
852 2082 947 2115 illam

81 2134 303 2170 1¹⁸munitam
327 2145 404 2168 esse
427 2135 530 2168 muris
552 2142 587 2169 et
615 2135 887 2168 antemuralibus
915 2141 950 2168 et

84 2182 127 2231 ξ’·
138 2188 326 2234 profundis
347 2188 498 2228 fossatis,
515 2194 549 2221 et
565 2200 632 2233 que
649 2199 718 2222 non
734 2195 853 2232 posset
869 2189 948 2232 capi

86 2235 205 2276 J‘nisi
226 2243 513 2276 suffonderentur
534 2243 625 2276 muri
650 2243 765 2276 etsie
796 2248 948 2282 ruerent,

86 2291 92 2320 '-
112 2296 232 2340 ‘quod
256 2295 401 2329 cederet
422 2296 468 2328 ad
490 2306 597 2340 graue
621 2297 808 2339 dampnum
831 2295 949 2328 fratri-

88 2376 95 2395 3
113 2348 203 2383 ‘bus
227 2347 451 2382 Salueterre⁸
481 2359 626 2393 quorum
657 2350 783 2391 fuerat,
813 2355 850 2382 et
878 2360 948 2382 non

98 2399 129 2445 '55
137 2412 242 2446 posse
264 2403 293 2436 si
316 2402 506 2436 necessitas
527 2402 756 2443 incumberet,
783 2403 947 2440 detineri3

94 2454 131 2501 ,ζ’
139 2455 232 2489 unde
256 2456 349 2498 apud
372 2465 436 2488 nos
459 2455 520 2497 [in]
543 2461 670 2488 statum
699 2456 766 2489 fuit
795 2455 948 2495 firmiter,

92 2506 130 2557 >³⁸
140 2515 178 2542 ut
198 2508 281 2542 uilla
311 2508 408 2541 salva
437 2514 471 2541 et
500 2509 639 2552 integra
669 2519 748 2542 cum
779 2509 884 2542 armis
913 2515 948 2542 et

108 2562 267 2607 Jmagna
289 2563 394 2606 copia
424 2562 626 2598 uictualium
658 2573 726 2607 que
756 2563 806 2596 ibi
837 2570 948 2606 erant,

88 2614 131 2635 ‘⁸
141 2615 268 2660 quibus
300 2616 384 2648 satis
422 2615 595 2649 exercitus
628 2615 808 2660 indigebat
849 2617 949 2650 nobis

86 2666 357 2709 ‘³⁸redderetur,
380 2675 417 2703 et
437 2679 585 2712 persone
601 2668 873 2703 Sarracenorum
888 2681 948 2703 ua-

199 2801 239 2822 η.
257 2796 367 2822 inserita
387 2796 434 2821 nel
449 2796 575 2828 margine
593 2803 639 2821 con
657 2795 784 2821 ru‘cku'amo

110 2956 142 2984 dl
158 2957 323 2992 Sarsgozza.

90 3041 190 3070 „nella
208 3043 311 3069 Nuovn
331 3042 483 3076 casaglia.

199 2913 207 2930 ⁴
221 2916 266 2942 Ds
279 2924 444 2950 correggere
458 2918 487 2942 in
502 2917 514 2931 ¹¹
526 2916 670 2949 Magalon,
682 2915 829 2948 Magan6n
842 2934 855 2948 ,,
871 2917 900 2941 ln
916 2924 997 2951 prov.

197 2998 210 3017 ¹
227 3002 254 3026 A
273 3001 327 3026 due
346 3001 427 3034 leghe
439 3002 475 3026 da
489 3001 634 3034 Mngalon.
648 3008 730 3034 prov.
744 3001 773 3026 di
788 3000 900 3027 Cludad
919 3001 1000 3032 Real,

889 243 1169 279 CHRONICA
1898 239 1944 280 37

1035 587 1052 620 5

1016 855 1054 886 10

1016 1119 1053 1152 15

1011 1389 1054 1421 20

1011 1655 1052 1689 25

1011 1925 1053 1956 30

1010 2190 1051 2224 35

1011 2460 1053 2492 40

1139 2916 1150 2934 ²
1172 2917 1348 2943 Salvatierra
1369 2916 1382 2930 ‘¹
1395 2917 1428 2942 de
1447 2917 1491 2942 los
1510 2918 1613 2942 Barros
1625 2935 1649 2948 „‚
1668 2916 1704 2940 cs.
1724 2915 1806 2947 Fri-A,
1827 2915 1856 2940 in
1871 2915 1946 2939 Bol-

1053 2959 1121 2984 let.
1147 2959 1187 2984 de
1217 2959 1462 2984 l'Accademia
1490 2958 1529 2983 de
1558 2958 1591 2982 la
1617 2957 1799 2987 Historia,
1824 2955 1946 2986 Mamm.

1056 3001 1132 3034 1897,
1151 3001 1239 3031 XXX.
1258 3007 1384 3034 352—355.
