2320 3444
797 228 1074 265 RYCCARDI
1102 228 1172 263 DE
1199 227 1412 264 SANCTO
1442 225 1716 262 GERMANO
2013 229 2064 267 [Α.
2084 229 2179 266 1220}

447 363 558 406 [XVI]
581 363 666 395 Item
690 361 868 394 statuimus
890 365 927 393 ut
942 365 1011 392 tam
1035 369 1180 392 conces-

344 420 502 452 “sionem
533 427 634 460 quam
674 413 869 457 priuilegia,
906 423 974 455 que
1013 412 1138 445 amodo
1160 423 1181 445 a

343 475 483 505 “nostra
517 469 613 503 curia
648 466 896 505 emanauerint,
919 471 1088 508 perpetuo
1120 465 1180 497 de-

342 526 356 542 “
372 525 476 557 beant
498 533 573 556 esse
596 522 694 554 firma
707 519 727 553 ¹.

429 579 444 595 ‘¹
457 575 584 619 [XVII]
599 573 811 616 precipimus
825 571 918 616 quod
934 571 1049 604 nulius
1065 581 1181 604 comes
1268 571 1287 605 5

343 631 426 664 “uel
448 631 532 663 baro
555 627 806 660 matrimonium
830 625 1012 658 contrahat
1034 625 1108 657 sine
1139 624 1180 657 li-

341 686 354 702 “
369 683 484 718 centia
506 687 632 720 nostra,
656 680 722 713 nisi
745 680 936 713 secundum
960 680 1181 712 consuetudi-

341 738 356 755 “
375 747 452 771 nem
467 735 560 779 regis
575 733 769 780 Guilielmi:
794 738 828 766 et
845 733 941 776 quod
963 732 1078 765 nullus
1094 732 1183 765 filius

343 794 358 810 ‘⁶
371 791 427 824 uei
450 790 531 827 filia,
546 788 712 822 moriente
729 793 828 830 patre
844 786 902 820 uel
917 792 1036 825 matre,
1053 786 1181 819 nullam

342 843 597 877 “hereditatem
619 841 678 874 uel
700 841 944 885 patrimonium
969 840 1036 872 nisi
1058 850 1181 873 secun-

342 901 356 916 “
369 897 449 931 dum
473 896 617 929 eandem
642 893 929 928 consuetudinem
945 893 1038 937 regis
1055 893 1184 927 audeat

343 954 357 970 ‘·
369 961 535 994 usurpare
549 949 571 982 ¹.

429 1006 443 1022 ¹⁴
457 1002 603 1046 [XVIII]
626 1002 711 1035 Item
734 1001 946 1044 precipimus
960 1006 998 1033 ut
1014 1000 1108 1033 nulla
1124 1011 1182 1034 ec-

341 1061 355 1077 “
369 1057 562 1091 ciesiastica
585 1065 734 1099 persona
763 1054 821 1087 uel
843 1055 1010 1087 secularis
1033 1064 1096 1097 pro
1119 1054 1180 1086 ali-

340 1114 354 1130 “
368 1122 436 1155 qua
458 1109 705 1144 consuetudine
735 1109 907 1141 hactenus
937 1108 1033 1140 facta
1062 1118 1181 1151 presu-

343 1167 357 1183 “
370 1171 439 1197 mat
460 1164 497 1197 in
512 1163 613 1196 terris
629 1162 698 1195 suis
715 1161 862 1194 offitium
880 1160 1060 1193 iustitiarie
1077 1161 1182 1194 modo

341 1220 356 1236 ‘⁴
369 1217 524 1261 quolibet
538 1227 716 1255 exercere,
731 1215 795 1248 nisi
807 1221 921 1248 tamen
937 1215 987 1248 ini
997 1215 1182 1255 iustitiarii,

343 1274 358 1291 ‘⁴
369 1272 498 1316 quibus
512 1271 621 1304 fuerit
634 1281 654 1303 a
669 1269 770 1303 nobis
786 1270 930 1303 offitium
946 1268 1180 1307 commissum3

344 1325 422 1359 “set
445 1325 561 1358 omnia
597 1335 662 1367 per
697 1324 914 1358 iustitiarios'
954 1324 1131 1357 ordinatos
1162 1334 1183 1356 a

343 1379 470 1412 “nobis
492 1379 663 1412 finiantur.
687 1378 740 1411 Ita
762 1384 875 1411 tamen
900 1377 995 1421 quod
1009 1376 1182 1410 iustitiarii

341 1432 413 1465 “de
437 1432 545 1465 certis
566 1432 743 1475 capitulis,
766 1443 834 1475 que
858 1433 904 1465 ad
919 1431 1086 1464 iustitiam
1102 1441 1183 1475 per-

340 1486 355 1502 “
370 1486 490 1524 tinent,
515 1491 736 1529 cognoscant,
762 1491 796 1518 et
818 1485 925 1519 baiuli
941 1485 987 1518 de
1016 1484 1106 1522 aliis,
1136 1484 1181 1517 de

335 1541 358 1557 ·“
371 1539 495 1582 quibus
517 1538 669 1582 predicti
694 1538 789 1582 regis
818 1538 1032 1581 temporibus
1054 1548 1183 1581 cogno-

339 1593 353 1609 “
369 1592 512 1625 scebant
523 1591 546 1625 ².

429 1648 443 1664 ⁸
457 1645 619 1689 [XVIIII]
642 1645 860 1689 Precipimus
883 1645 987 1679 etiam
1003 1651 1043 1679 ut
1065 1646 1182 1678 omnia

341 1702 355 1718 “
369 1705 493 1739 castra,
517 1700 739 1739 munitiones,
762 1699 849 1732 muri
875 1705 909 1733 et
939 1700 1081 1738 fossata,
1112 1709 1181 1743 que

341 1752 413 1786 “ab
437 1753 532 1786 obitu
568 1753 660 1796 regis
691 1752 869 1786 Guillelmi
899 1763 1009 1796 usque
1040 1751 1085 1786 ad
1114 1753 1181 1786 hec

341 1808 524 1849 “tempora
547 1807 592 1840 de
616 1816 707 1840 nouo
730 1811 808 1839 sunt
830 1807 928 1840 facta
957 1806 994 1840 in
1016 1806 1090 1839 illis
1111 1811 1182 1840 ter-

341 1861 356 1877 “
369 1860 416 1892 ris
439 1865 474 1892 et
496 1860 595 1900 locis,
618 1870 687 1904 que
710 1870 782 1893 non
804 1865 883 1893 sunt
905 1859 941 1892 in
963 1870 1087 1892 manus
1101 1869 1182 1892 nos-

341 1914 355 1930 “
368 1919 449 1952 tras,
461 1913 680 1958 assignentur
692 1913 821 1946 nuntiis
837 1913 973 1952 nostris,
989 1919 1027 1946 ut
1043 1924 1086 1946 ea
1100 1913 1182 1946 fun-

341 1966 461 1999 “ditur
483 1967 675 2006 diruantur,
709 1973 745 2000 et
778 1967 815 1999 in
848 1967 945 2000 ilium
977 1973 1104 2000 statum
1128 1977 1182 2001 re-

341 2021 355 2037 “
369 2020 483 2058 deant,
506 2030 576 2063 quo
598 2026 757 2063 tempore
780 2021 873 2064 regis
905 2019 1080 2054 Guillelmi
1105 2030 1182 2053 esse

340 2073 355 2090 ‘⁶
370 2079 636 2106 consueuerunt.
659 2074 711 2106 De
735 2073 803 2106 iliis
825 2084 921 2113 uero,
953 2085 1020 2118 que
1044 2079 1123 2106 sunt
1145 2073 1181 2106 in

342 2128 357 2144 ⁴⁴
372 2126 533 2160 demanio
561 2132 678 2159 nostro
702 2133 737 2159 et
761 2127 857 2159 curie
873 2133 1000 2166 nostre,
1016 2127 1185 2160 faciemus

341 2182 355 2198 ‘⁴
371 2180 587 2213 uoluntatem
611 2187 761 2213 nostram
775 2181 798 2213 ⁴.

1250 842 1288 874 10

1249 1109 1286 1142 15

153 1340 172 1356 e.
189 1336 248 1356 118-

1246 1378 1289 1410 20

1246 1644 1286 1679 25

1245 1915 1288 1948 30

1245 2182 1286 2216 35

430 2320 470 2346 17.
489 2317 601 2340 tantum
622 2316 685 2341 Coa.
706 2329 738 2334 —
764 2322 806 2340 22.
832 2316 1064 2349 congnoscebant
1083 2316 1180 2342 GAun.

337 2373 370 2377 —
391 2358 433 2384 28.
453 2367 479 2384 n.
499 2359 561 2384 illis
582 2360 646 2385 eod.

341 2480 551 2513 “precepimus,
571 2480 707 2506 similiter
726 2483 754 2506 et
774 2483 883 2511 nostra,
903 2490 955 2513 que
975 2489 990 2506 a
1004 2482 1125 2506 dlversis
1145 2481 1234 2506 domi-

340 2521 353 2535 “
366 2523 420 2554 nis,
441 2522 480 2555 [a]
500 2523 602 2555 quibus
623 2523 834 2555 detinebantur,
859 2526 887 2549 et
906 2525 957 2549 sub
981 2524 1104 2549 diversit
1127 2524 1234 2556 sigillis

296 2572 309 2598 5
341 2565 399 2589 “ad
420 2566 514 2590 tocius
533 2565 626 2598 Regni
653 2567 808 2598 perniciem
834 2569 932 2601 aperte
960 2569 1118 2592 noscuntur
1147 2567 1234 2591 fuisse

341 2607 532 2639 “confectam
559 2607 666 2636 Questa
692 2610 772 2642 iegge
798 2611 844 2634 nei
871 2610 994 2642 delomi
1013 2609 1194 2634 Federiciant
1219 2608 1234 2634 ὲ

337 2648 399 2674 cosi
434 2650 601 2675 formulatas
632 2651 838 2677 ¹¹....luxta
864 2651 1035 2684 generale
1062 2651 1231 2681 edictum,

341 2692 500 2716 “iactum
521 2700 537 2717 a
557 2693 663 2718 nobis
682 2693 719 2717 in
739 2695 844 2718 curia
864 2693 1034 2726 Capuana
1053 2694 1092 2718 de
1111 2693 1232 2726 privi-

1287 2481 1378 2507 mulaz
1400 2480 1582 2505 “statuentes
1601 2482 1629 2506 et
1654 2480 1795 2513 presentis
1820 2480 1985 2513 privilegiis
2010 2479 2184 2506 auctoritate

1289 2523 1303 2536 ⁸
1314 2523 1447 2548 omnibus
1467 2523 1662 2556 lniungentes‚
1674 2523 1706 2547 ut
1719 2523 1801 2547 nulia
1813 2529 1935 2555 persona
1947 2522 2052 2547 exinde
2069 2521 2137 2547 nita.
2146 2537 2183 2548 ..-

1290 2565 1303 2579 “
1314 2565 1472 2599 predictum
1485 2581 1504 2590 ..
1515 2582 1521 2590 .
1535 2584 1540 2590 .
1559 2565 1788 2590 confirmationis
1801 2566 1829 2590 et
1839 2564 1932 2598 gratie
1946 2565 2044 2590 nostre
2063 2565 2182 2590 formam
2257 2591 2268 2594 U

1290 2607 1304 2622 “
1315 2608 1454 2640 impedire
1467 2615 1514 2633 seu
1527 2608 1681 2633 molestare
1699 2609 1843 2641 presumat
1854 2626 1860 2632 .
1871 2626 1878 2633 .
1889 2624 1895 2632 .
1905 2615 1949 2639 ..ς
1962 2607 1999 2632 cf.
2017 2607 2182 2633 Scauru—
2209 2610 2245 2631 πο

1286 2651 1464 2680 Romanam,
1482 2651 1540 2680 eliz.
1558 2657 1586 2683 p.
1609 2655 1656 2682 157
1678 2658 1693 2675 e
1712 2658 1753 2683 sg.
2162 2657 2176 2673 s

1375 2693 1387 2711 ¹
1405 2692 1438 2717 L.
1456 2692 1505 2722 111,
1524 2694 1570 2718 tit.
1590 2699 1682 2718 xx111=
1702 2692 1715 2707 θ’
1729 2693 1771 2718 De
1790 2699 1881 2718 uxore
1899 2700 1959 2718 non
1979 2692 2107 2718 ducend-
2119 2692 2183 2719 sine

282 2781 313 2799 10

283 2992 311 3018 15

340 2734 475 2767 “legiis
495 2742 546 2759 res
555 2735 588 2768 ig
597 2743 613 2759 n
623 2736 747 2768 andis„
759 2745 767 2768 3
784 2736 821 2761 cr.
839 2736 869 2760 P.
883 2736 1231 2767 Scaurum-Bolerionsn

339 2777 400 2801 Das
431 2777 524 2802 Gaeselz
543 2777 644 2802 Kaisar
665 2779 830 2804 Friedrich’s
851 2778 865 2792 “
876 2780 921 2803 De
944 2779 1119 2811 resignandis
1142 2779 1233 2810 privi-

342 2818 355 2831 ¹‘
366 2819 449 2850 legiis
460 2837 472 2850 η
504 2821 532 2844 in
562 2820 663 2845 Sitzu
674 2821 909 2852 ngsberichte
938 2821 972 2846 d.
999 2821 1084 2846 kon.
1116 2821 1232 2846 Preus.

340 2860 537 2886 Akademie
574 2863 633 2886 der
667 2862 982 2888 wissenschaften
1018 2871 1059 2888 zu
1093 2863 1232 2894 Berlin,

342 2909 417 2934 1900,
438 2903 511 2932 xm,
535 2910 582 2935 132
603 2912 617 2928 e
637 2912 676 2937 sg.
697 2913 711 2929 e
730 2905 790 2930 doc.
813 2912 839 2930 n.
860 2914 876 2938 4
895 2913 912 2930 a
924 2912 949 2938 9.

428 2943 437 2960 ¹
455 2945 570 2970 Tranne
590 2947 635 2971 nel
655 2954 720 2972 caso
737 2948 789 2972 che
809 2949 817 2972 i
838 2948 974 2980 privilegi
994 2948 1151 2980 presentati
1174 2947 1230 2972 alia

342 2987 418 3010 curia
445 2988 590 3020 imperiale
614 2988 725 3013 sossero
751 2990 891 3014 restituitl
915 2997 930 3014 e
956 2990 1126 3015 confermati
1154 2991 1232 3015 salvo

341 3029 465 3054 mandato
483 3033 510 3054 et
528 3030 694 3055 ordinatione
713 3035 814 3061 nostra,
833 3032 876 3064 gli
895 3032 964 3057 altri
983 3039 1093 3057 avevan
1119 3032 1148 3057 la
1175 3032 1231 3057 sor-

1287 2735 1301 2750 “
1331 2736 1500 2760 ermissione
1518 2734 1606 2760 curie
1635 2754 1642 2760 .

1310 2743 1328 2768 p
1374 2775 1385 2792 ³
1404 2776 1437 2802 L.
1455 2776 1476 2808 1,
1496 2778 1542 2803 tlt.
1561 2753 1644 2803 κιιέι
1666 2776 1680 2790 “
1693 2776 1779 2806 Quod
1799 2776 1896 2802 nullus
1917 2777 2052 2809 prelatus,
2077 2782 2181 2802 comes·

1287 2820 1301 2834 ³
1310 2820 1380 2845 baro
1399 2820 1486 2845 officii
1512 2820 1653 2845 iustitlari
1671 2821 1752 2852 gerat
1764 2836 1803 2852 0..
1815 2836 1823 2845 .
1834 2839 1840 2845 .
1854 2819 1867 2833 “
1877 2819 1918 2844 Ea
1937 2827 1990 2852 que
2009 2819 2045 2844 ad
2058 2818 2182 2853 speciale
2209 2825 2242 2853 25
2264 2818 2265 2821 ’
2317 2834 2319 2845 ;

1290 2862 1303 2876 “
1316 2862 1401 2887 decus
1420 2863 1448 2887 et
1461 2869 1568 2888 merum
1582 2864 1732 2897 imperium
1747 2862 1931 2888 celsitudinis
1946 2863 2042 2887 nostre
2056 2863 2182 2894 spectare

1287 2903 1299 2917 ⁶
1312 2906 1478 2935 noscuntur,
1497 2912 1546 2937 per
1559 2906 1787 2938 presumptiones
1807 2905 1928 2930 illicitas
1942 2904 2075 2930 volumus
2088 2910 2120 2929 nc
2133 2909 2182 2929 ne-

1287 2945 1387 2971 ‘mlne
1406 2948 1537 2980 usurpari
1548 2965 1573 2979 ,,.

1373 2987 1384 3005 ⁴
1404 2987 1512 3018 Questn
1538 2989 1648 3020 Assisn,
1672 2989 1799 3023 eseguita
1824 2989 1918 3014 subito
1944 2988 2020 3021 dopo
2039 2988 2066 3014 la
2093 2988 2181 3014 Curis

1286 3031 1432 3066 Capuam,
1452 3033 1482 3058 su
1502 3032 1664 3058 modificata
1683 3032 1730 3057 nel
1748 3031 1845 3057 codice
1865 3031 1894 3057 di
1913 3031 2009 3062 Melii3
2027 3031 2064 3056 cf.
2083 3030 2116 3056 L.
2133 3029 2182 3061 111,
2208 3034 2244 3062 30
2275 3038 2278 3039 ⁷
