2320 3444
107 461 230 492 Lombardij
261 463 276 485 p
284 468 296 480 r
304 467 316 481 ο

131 490 227 513 composi
234 490 243 508 t
251 489 260 508 i
266 494 279 508 ο
287 494 301 508 n
306 494 319 507 e

131 521 194 561 ‘'⁴2''
223 516 321 539 Imm*
344 516 507 548 facienda
531 513 636 556 legati
660 513 754 555 apud
779 511 973 556 Anagniam
996 511 1140 544 ueniunt
1164 511 1209 544 ad
1234 512 1410 544 dominum
1433 521 1572 553 papam.

133 544 170 562 lor

100 1784 316 1810 Inundaliopluuia-

127 1817 187 1832 71011.

799 222 1077 257 RYCCARDI
1106 221 1178 256 DE
1206 219 1420 256 SANCTO
1449 219 1719 256 GERMANO
1879 224 1963 259 [ΑΛ.
1985 225 2181 261 12324223]

428 356 564 388 Eodem
587 364 703 387 mense
728 353 872 396 Egidius
895 353 1106 385 Uerracclus
1130 352 1262 385 domini
1286 361 1377 394 pape
1408 351 1641 384 subdiaconus
1671 356 1706 383 et
1737 350 1961 393 capellanus¹
1986 361 2049 394 pro
2081 352 2177 384 facto

342 409 463 442 Gaiete
488 420 508 440 a
530 419 622 449 papa
645 406 691 438 ad
714 407 962 448 Imperatorem
986 405 1124 437 nuntius
1146 406 1183 437 in
1206 404 1371 448 Apuliam
1393 404 1501 436 uadit.

429 461 550 493 Mense
586 459 791 492 Nouembris
822 459 865 491 de
897 458 1199 491 communitatibus
1229 457 1439 491 Lombardie
1471 467 1534 499 pro
1571 457 1823 499 compositione
1854 466 1933 489 cum
1964 457 2178 500 Imperatore

426 567 548 600 Mense
572 565 775 598 Decembris
797 575 861 607 pro
885 565 980 597 facto
1006 564 1290 603 Lombardorum,
1314 564 1485 597 Henricus
1509 564 1552 596 de
1577 562 1696 596 Morra
1719 563 1888 607 Magister
1910 563 2113 598 iustitiarius
2137 564 2180 598 ab
2225 562 2260 597 5-
2304 592 2306 594 ,

341 622 554 663 Imperatore
570 619 615 651 ad
640 629 766 661 papam
791 618 929 651 nuntius
952 618 1106 656 mittitur,
1130 629 1209 651 cum
1232 629 1301 662 quo
1323 618 1455 651 uadunt
1479 617 1642 661 magister
1659 617 1783 650 Petrus
1807 619 1851 650 de
1874 617 2000 656 Vinea,
2015 618 2177 662 magister

341 674 463 706 Petrus
487 673 531 706 de
555 672 684 705 Sancto
708 672 895 710 Germano,
919 676 954 704 et
976 672 1140 715 magister
1164 671 1376 704 Benedictus
1399 672 1442 703 de
1474 669 1611 708 Sernia,
1641 675 1680 703 ut
1702 681 1779 703 cum
1807 669 1976 714 Magistro
1999 670 2182 704 iustitiario

341 737 457 759 coram
482 736 573 768 papa
595 735 659 767 pro
682 731 780 767 parte
803 724 1028 767 Imperatoris
1050 725 1103 756 ius
1124 724 1231 767 ipsius
1254 722 1497 758 ostenderent'
1511 723 1533 756 ¹.

428 831 744 865 M⁰CC⁰XXXIII⁰.
789 830 913 863 Mense
937 830 1089 863 Ianuarii
1113 831 1285 864 Henricus
1308 832 1352 863 de
1380 830 1499 864 Morra
1530 830 1698 874 Magister
1727 830 1931 864 iustitiarius
1961 842 1981 863 a
2012 841 2104 874 papa
2132 831 2178 864 ad

342 888 590 928 Imperatorem
606 885 640 916 in
665 884 827 926 Apuliam
851 884 953 922 redit,
976 894 1077 927 quem
1100 884 1276 917 subsecuti
1293 890 1372 917 sunt
1386 884 1529 917 Landus
1545 884 1779 916 Messanensis
1795 883 2082 927 archiepiscopus
2097 894 2175 917 cum
2202 884 2242 917 10

340 939 482 983 Regino
507 938 673 981 episcopo
697 937 809 970 nuntii
834 937 878 970 acl
901 938 1150 981 Imperatorem
1174 949 1195 970 a
1220 949 1312 981 papa
1343 938 1469 971 directi
1481 936 1503 970 ³.
1549 938 1745 980 Imperator
1775 937 1934 970 omnibus
1964 938 2176 982 generaliter

338 993 488 1035 prelatis,
513 992 709 1030 comitibus,
733 991 933 1031 baronibus,
956 991 1121 1023 militibus
1143 997 1212 1024 tam
1236 992 1389 1024 feudatis
1413 1002 1514 1035 quam
1541 1001 1611 1023 non
1643 989 1796 1023 feudatis
1818 991 1971 1029 mandat,
1998 996 2037 1024 ut
2067 991 2113 1024 ad
2141 1001 2179 1024 se

337 1058 414 1080 cum
438 1052 513 1079 toto
535 1045 678 1077 seruitio
703 1045 797 1087 quod
821 1045 940 1077 facere
963 1050 1125 1077 tenentur
1148 1050 1230 1087 aput
1253 1045 1464 1083 Policorum,
1488 1045 1525 1076 in
1548 1043 1673 1077 futuris
1689 1043 1851 1077 kalendis
1875 1044 2056 1077 Februarii
2077 1053 2180 1077 acce-

342 1101 424 1132 dere
448 1099 514 1132 sint
536 1099 647 1141 parati
657 1098 678 1130 ⁴.
725 1098 826 1130 Tunc
850 1098 945 1130 iussu
969 1098 1191 1140 Imperatoris
1215 1098 1401 1131 Lucetium
1426 1098 1549 1131 ciuitas
1562 1096 1836 1130 Sarracenorum
1853 1097 2007 1130 firmatur
2018 1100 2040 1130 ⁸.
2071 1097 2180 1130 Troie

337 1153 450 1185 menia
473 1153 664 1185 diruuntur.

427 1206 620 1249 Imperator
643 1215 758 1238 mense
783 1205 963 1238 Februarii
985 1215 1023 1238 se
1047 1206 1091 1238 de
1115 1204 1246 1248 Apulia
1267 1205 1303 1238 in
1326 1205 1523 1239 Calabriam
1548 1204 1685 1237 confert
1702 1203 1725 1236 ⁶.

428 1259 599 1303 Magister
633 1259 806 1291 Iohannes
841 1257 884 1290 de
915 1257 1046 1291 Sancto
1078 1258 1262 1296 Germano,
1294 1258 1481 1291 Guillelmo
1513 1258 1667 1291 eiusdem
1697 1257 1849 1290 ecclesie
1879 1257 2181 1303 archipresbytero

339 1318 463 1356 sponte
486 1312 646 1349 cedente,
669 1311 706 1343 in
730 1310 1072 1354 archipresbyterum
1097 1311 1219 1345 Sancti
1243 1311 1408 1344 Germani
1431 1310 1626 1344 assumitur.

428 1365 581 1399 Castella
603 1365 641 1397 in
663 1365 792 1404 Trano,
817 1365 919 1407 Baro,
942 1364 1104 1409 Neapoly
1128 1371 1162 1397 et
1185 1364 1380 1397 Brundusio
1402 1365 1497 1396 iussu
1519 1365 1744 1407 Imperatoris
1768 1365 1954 1397 firmantur.

430 1419 551 1451 Mense
575 1417 694 1452 Martii
717 1424 856 1451 senator
888 1428 966 1451 cum
997 1418 1172 1451 nonnullis
1203 1419 1247 1451 de
1278 1417 1465 1451 maioribus
1495 1418 1602 1451 Urbis
1631 1419 1678 1451 ad
1708 1428 1836 1461 papam
1868 1425 1951 1461 aput
1981 1417 2178 1462 Anagniam
2199 1419 2243 1451 20

340 1473 446 1512 uadit,
471 1483 614 1516 quorum
637 1473 800 1505 inductus
823 1471 998 1515 precibus,
1021 1483 1100 1505 cum
1123 1472 1330 1516 quibusdam
1353 1483 1396 1505 ex
1419 1472 1654 1505 cardinalibus
1670 1473 1716 1505 ad
1737 1471 1870 1505 Urbem
1893 1472 1996 1511 redit,
2018 1471 2078 1506 ubi
2100 1483 2179 1506 cum

338 1529 472 1561 honore
503 1528 653 1559 maximo
684 1527 925 1560 Romanorum
955 1533 1118 1571 receptus
1148 1533 1200 1560 est
1212 1525 1234 1565 ⁷,
1264 1533 1300 1560 et
1331 1538 1412 1569 pars
1443 1527 1579 1570 reliqua
1609 1526 1838 1560 cardinalium
1872 1533 1954 1570 aput
1979 1525 2179 1571 Anagniam

341 1581 513 1614 remansit.

433 1634 603 1677 Magister
632 1634 787 1667 Thomas
817 1634 1015 1667 Cardinalis
1045 1635 1089 1667 de
1119 1635 1283 1667 mandato
1314 1644 1405 1677 pape
1436 1644 1558 1666 cum..
1575 1657 1605 1666 ..

341 1688 594 1731 compositione
617 1688 707 1721 inter
729 1688 908 1721 Romanos
931 1694 967 1721 et
988 1687 1228 1721 Uiterbienses
1252 1688 1425 1721 facienda.

425 1741 547 1774 Mense
572 1741 704 1784 Aprilis
721 1742 779 1774 die
795 1742 895 1775 Lune
911 1742 1002 1774 xxv⁰
1017 1742 1144 1775 mensis
1160 1742 1312 1775 eiusdem
1328 1742 1423 1774 eirca
1439 1741 1624 1774 meridiem
1641 1742 1677 1773 in
1693 1741 1783 1775 festo
1806 1741 1943 1774 scilicet
1959 1741 2054 1774 beati
2069 1740 2183 1775 Marci

339 1796 551 1839 euangeliste
564 1794 587 1834 ⁸,
611 1795 700 1828 aeris
723 1796 910 1829 serenitate
926 1801 1067 1834 mutata,
1084 1806 1151 1839 que
1167 1795 1274 1828 multa
1289 1801 1374 1834 erat,
1391 1801 1488 1828 tanta
1503 1795 1616 1828 subito
1632 1801 1822 1838 tempestas
1843 1794 2017 1828 inhorruit
2032 1801 2067 1828 et
2080 1795 2184 1829 inun-

1637 1639 1721 1676 aput
1751 1633 1948 1667 Uiterbium
1979 1634 2076 1666 uadit
2113 1644 2178 1677 pro

427 1947 437 1965 x
459 1948 474 1965 e
492 1948 518 1972 4.
537 1940 645 1971 domni,
664 1941 800 1965 domnum
819 1940 918 1965 Pax-rz
938 1949 952 1965 e
971 1941 1067 1966 Gsun.
1086 1953 1118 1958 —
1142 1947 1195 1965 1-2.
1215 1947 1267 1974 pro
1287 1941 1365 1965 facto
1385 1939 1486 1965 Gaiete
1498 1941 1534 1965 ad
1549 1941 1748 1974 imperatorem
1761 1940 1793 1965 in
1806 1939 1945 1973 Apuliam
1963 1941 2087 1965 nuncius
2099 1939 2182 1966 vadit

337 1983 413 2008 Uen.
433 1991 447 2007 e
465 1983 528 2007 Dar.
545 1982 590 2008 Ra
608 1996 640 2001 —
661 1989 686 2015 5.
705 1983 739 2007 de
757 1982 857 2007 Morro
876 1983 965 2014 Uen..
981 1983 1046 2008 Dm.
1063 1983 1116 2012 Rs,
1135 1982 1233 2008 strz
1253 1992 1267 2007 e
1286 1982 1382 2008 Gaui).
1402 1996 1434 2001 —
1460 1990 1500 2007 11.
1526 1984 1625 2007 nuncii
1651 1990 1667 2007 a
1693 1990 1767 2015 papa
1792 1982 1894 2007 directi
1917 1982 1953 2007 ad
1979 1983 2181 2015 imperatorem

338 2025 414 2050 Uon.
433 2034 447 2049 e
465 2026 527 2051 Dm.
546 2025 605 2056 ng
625 2026 722 2050 nuntii
740 2026 776 2050 ad
797 2027 998 2060 imperatorem
1018 2026 1122 2051 directi
1140 2033 1157 2051 a
1177 2033 1252 2059 papa
1269 2026 1367 2051 Psnrz
1387 2035 1401 2050 ι
1419 2025 1514 2051 Gaui).
1535 2039 1567 2043 ——
1590 2033 1631 2058 19.
1649 2025 1806 2050 Brundusii
1824 2026 1855 2050 di
1866 2026 1961 2057 prima
1973 2033 2050 2050 mano
2069 2025 2135 2051 Cod.
2147 2038 2183 2044 -—

337 2074 380 2092 20.
399 2067 473 2101 apud
493 2067 577 2099 Uou„
598 2068 662 2093 Der.
681 2068 734 2099 RE,
752 2068 850 2093 Pmrz
869 2077 884 2093 e
902 2067 998 2094 GAvn.
1018 2082 1051 2087 —
1072 2068 1114 2093 26.
1135 2074 1167 2101 25
1188 2068 1300 2102 Aprilis
1319 2068 1350 2093 in
1370 2068 1444 2093 sesto
1463 2068 1544 2093 Beati
1563 2069 1654 2093 Marci
1675 2068 1860 2101 Evangeliste
1878 2067 1925 2093 dle
1944 2067 2024 2092 Lune
2036 2067 2114 2093 Uen.

295 2174 309 2200 5
338 2169 472 2194 kelmann
492 2169 548 2202 (De
566 2171 650 2203 regni
666 2171 755 2196 Siculi
771 2171 1014 2201 administratione,
1034 2179 1060 2204 p.
1081 2176 1122 2203 25,
1143 2179 1169 2196 n.
1189 2169 1236 2204 49)

339 2213 484 2236 ritennero
504 2213 555 2237 che
576 2214 674 2237 invece
694 2213 722 2237 di
743 2222 808 2238 arcu
827 2213 945 2238 dovesse
958 2214 1078 2246 leggersi
1093 2221 1159 2238 arca
1172 2212 1235 2238 cioe

338 2261 427 2279 cassa.
463 2254 595 2279 L’Amari
617 2254 670 2286 (St.
690 2256 736 2280 dei
753 2257 834 2285 Mus„
852 2256 902 2287 111,
921 2255 985 2288 804)
998 2257 1111 2281 ritenne
1125 2257 1148 2280 si
1162 2257 1233 2281 trat-

338 2299 412 2322 tasse
431 2297 506 2322 della
525 2298 664 2322 battitura
685 2298 728 2323 dei
749 2298 894 2323 bocciuoli
915 2306 964 2331 per
983 2300 1104 2323 estrarre
1117 2298 1145 2323 la
1158 2299 1235 2323 bam-

338 2339 431 2372 bagia,
451 2340 670 2365 avvicinandosi
692 2348 729 2364 un
744 2339 791 2374 po'
805 2341 832 2365 al
847 2348 923 2365 vero.
960 2339 1070 2370 Dareo,
1090 2341 1152 2365 dice
1164 2341 1234 2365 bene

339 2382 360 2405 ii
380 2381 514 2406 Paolucci
534 2380 587 2415 (op.
607 2383 661 2412 cit„
681 2391 707 2415 p.
727 2382 782 2415 27),
805 2383 876 2408 “ers
895 2390 933 2408 un
954 2383 1033 2408 fusto
1047 2383 1076 2408 di
1091 2384 1176 2415 legno
1196 2384 1234 2407 ci-

340 2423 490 2449 “lindrico
509 2432 523 2449 e
543 2426 667 2456 ricurvo,
687 2426 694 2449 i
716 2427 760 2450 cui
780 2426 893 2450 estremi
914 2433 1002 2450 erano
1021 2426 1108 2457 legati
1123 2425 1158 2450 ds
1177 2432 1234 2450 una

340 2465 353 2478 ⁴⁴
365 2466 454 2491 corda
473 2466 501 2491 di
521 2467 655 2498 budello3
675 2470 774 2500 questa
786 2467 873 2493 corda
887 2475 944 2493 con
957 2476 996 2493 un
1011 2468 1186 2493 martelletto
1204 2467 1232 2492 di

339 2506 450 2541 “legno
470 2509 495 2533 si
515 2509 613 2533 {sceva
633 2510 741 2535 battere
755 2510 830 2534 sulla
842 2510 992 2542 bambagia
1006 2518 1112 2542 grezza,
1126 2510 1154 2535 la
1168 2517 1234 2542 qua-

339 2550 352 2563 “
364 2551 390 2575 le
410 2550 469 2575 cosi
492 2550 627 2576 diveniva
646 2552 739 2576 soffice
758 2561 772 2576 e
792 2552 878 2577 facile
895 2553 931 2577 ad
950 2560 1024 2578 esser
1042 2552 1121 2577 filats
1132 2571 1156 2585 „.

425 2593 467 2618 La
487 2595 562 2618 tassa
576 2594 710 2619 sull'arco
730 2595 774 2619 del
794 2596 900 2620 cotone
919 2596 942 2620 si
963 2602 1074 2628 pagava
1093 2602 1142 2628 per
1161 2595 1234 2620 l’Im·

336 2635 477 2660 bottitura
499 2636 529 2660 di
548 2636 644 2665 coltri,
670 2637 698 2661 di
724 2637 845 2670 giuboni
871 2636 988 2670 (juppe),
1013 2637 1133 2670 giubetti
1160 2635 1234 2670 (jup-

332 2677 418 2708 pecti)
442 2684 457 2701 e
481 2678 657 2711 gualdrappe
682 2679 726 2703 dei
753 2679 876 2710 cavang
901 2679 937 2704 cf.
963 2678 998 2704 G.
1025 2678 1070 2703 LA
1098 2679 1233 2708 Mur-rm,

338 2720 470 2744 Pandette
490 2721 560 2744 delle
585 2721 697 2746 Gabene
715 2722 794 2754 regie
813 2723 871 2751 cit„
891 2722 918 2746 di
939 2721 1070 2746 Palermo
1084 2729 1099 2746 e
1112 2722 1142 2746 di
1157 2721 1232 2745 Mes-

338 2762 409 2790 sina,
429 2769 476 2795 pp.
495 2768 538 2791 21,
557 2762 601 2794 64.

426 2802 433 2818 ¹
453 2803 562 2832 Questo
581 2807 704 2830 maestro
724 2807 830 2839 Egidio
845 2807 1022 2831 suddiacono
1035 2814 1049 2831 e
1063 2806 1233 2839 cappellano

280 2389 311 2406 10

279 2597 308 2623 15

277 2811 310 2829 20

337 2846 443 2870 ricorre
460 2844 509 2878 gia
523 2848 552 2871 in
567 2855 622 2872 una
635 2849 760 2881 epistola
773 2849 851 2873 dello
867 2851 955 2873 stesso
975 2856 1024 2882 pp.
1037 2847 1179 2881 Gregorio
1192 2847 1232 2873 Ix

337 2887 380 2911 del
403 2893 436 2912 2ο
454 2887 500 2917 VI,
524 2895 606 2921 ¹²²9}
626 2888 820 2922 Rousnsmo,
839 2891 860 2922 Ι,
879 2899 906 2923 p.
925 2898 986 2923 311.

423 2927 434 2945 ²
452 2930 537 2955 Dana
557 2931 657 2956 lettera
678 2933 706 2956 di
727 2933 863 2958 Federico
883 2933 909 2958 11
934 2933 979 2958 del
1006 2939 1020 2965 3
1041 2932 1103 2963 X11,
1129 2933 1230 2958 risulta

336 2971 437 3004 ch’egli
458 2973 574 2998 insieme
592 2981 648 2998 con
669 2975 756 3006 quelli
776 2976 914 3001 ricordati
935 2976 972 3000 da
990 2975 1025 3000 R.
1044 2974 1148 3000 mando
1164 2983 1231 3008 pure

276 3017 307 3045 25
337 3012 472 3039 Landone
491 3016 578 3040 areiv.
599 3016 626 3042 di
641 3016 766 3042 Messina
779 3025 793 3042 e
808 3018 828 3041 il
844 3024 918 3043 vese.
931 3018 962 3043 di
976 3017 1080 3047 Troia3
1093 3017 1129 3044 cf.
1143 3017 1230 3044 Hun:

1288 2170 1559 2201 rann-susumus,
1579 2170 1627 2200 IV,
1646 2178 1716 2204 4093
1735 2171 1868 2202 Beuum,
1893 2179 1920 2195 n.
1940 2176 2019 2197 2011.

1378 2211 1389 2228 ³
1408 2213 1431 2237 11
1452 2221 1524 2246 papa
1543 2221 1598 2238 con
1619 2213 1720 2238 lettera
1740 2212 1785 2238 del
1806 2213 1840 2237 26
1857 2220 1921 2246 gen.
1936 2213 2070 2245 ingiunse
2083 2211 2187 2238 ali’im—

1287 2258 1417 2288 peratore
1437 2256 1607 2289 d'inviargli
1627 2257 1685 2280 alla
1705 2255 1769 2280 sede
1789 2256 1962 2288 apostolica,
1975 2257 2055 2280 sotto
2069 2261 2143 2288 pens
2155 2255 2185 2280 ‹ss

1287 2304 1358 2329 3000
1377 2298 1484 2322 marchi
1506 2297 1663 2331 d'argento,
1684 2305 1744 2322 non
1764 2296 1814 2329 pii:
1837 2297 1911 2323 tardi
1939 2297 1984 2322 del
2013 2294 2057 2330 15⁰
2081 2298 2186 2330 giorno

1290 2339 1304 2353 “
1314 2342 1380 2373 post
1400 2340 1503 2365 festum
1517 2340 1746 2365 Resurrectionis
1760 2341 1905 2364 dominice
1918 2340 1963 2372 (17
1978 2340 2049 2374 apr.)
2059 2356 2082 2371 „‚
2097 2339 2184 2372 legati
2212 2346 2247 2372 30

1286 2383 1300 2397 ‘⁴
1312 2383 1481 2407 sufficienter
1500 2383 1659 2407 instructos
1678 2384 1706 2407 et
1725 2382 1871 2407 sufficiens
1890 2383 2055 2407 mandatum
2079 2381 2187 2407 habeu-

1290 2424 1303 2438 “
1314 2426 1356 2450 tes
1366 2444 1391 2458 „,
1411 2425 1485 2449 onde
1505 2426 1527 2449 si
1549 2426 1753 2450 conchiudesse
1773 2425 1802 2449 la
1820 2432 1888 2457 pace
1901 2424 1948 2449 col
1961 2424 2132 2449 Lombardi:
2147 2424 2185 2449 cs.

1287 2466 1480 2498 Roman-simo,
1499 2467 1521 2498 1,
1541 2475 1567 2500 p.
1587 2473 1649 2500 405.

1374 2509 1385 2527 ⁴
1404 2511 1445 2535 La
1463 2510 1608 2536 chiamata
1628 2510 1657 2535 di
1678 2512 1756 2536 tutto
1776 2510 1919 2535 vesei-cito
1937 2510 1981 2534 del
2002 2517 2091 2543 regno
2116 2516 2185 2534 con-

1286 2555 1394 2578 venuto
1414 2561 1428 2578 a
1447 2554 1585 2578 Policoro
1606 2555 1635 2578 in
1657 2554 1815 2578 Basilicata
1833 2553 1948 2577 serviva
1973 2559 2023 2585 per
2042 2552 2070 2578 la
2093 2552 2184 2585 spedi-
2211 2557 2245 2586 35

1287 2596 1369 2620 zione
1388 2596 1419 2620 in
1439 2595 1550 2621 Sicilia.

1375 2636 1386 2653 ⁵
1406 2638 1459 2663 Del
1481 2639 1599 2671 viaggio
1626 2639 1655 2662 in
1676 2637 1811 2663 Calabria
1838 2637 1986 2662 null’altro
2009 2638 2032 2662 si
2053 2643 2185 2662 conosce.

1375 2679 1386 2696 ⁶
1404 2681 1434 2706 Si
1455 2680 1512 2714 pub
1533 2682 1656 2706 ritenere
1674 2681 1720 2706 col
1741 2681 1966 2710 meaLuANN,
1987 2681 2088 2705 Kaisar
2106 2679 2184 2705 me-

1286 2724 1362 2749 drich
1383 2725 1423 2754 II,
1441 2724 1464 2754 Ι,
1478 2725 1679 2756 Erl'a'nterung‚
1692 2723 1740 2754 1v,
1755 2724 1811 2752 cit,
1825 2730 1872 2756 pp.
1886 2721 1997 2755 537-38)
2009 2723 2060 2747 che
2073 2723 2082 2747 i
2097 2722 2185 2755 pritni

1285 2767 1521 2798 trapiantamenti
1541 2767 1569 2791 di
1596 2767 1730 2791 Saraceni
1749 2766 1780 2790 in
1807 2766 1914 2790 Lucera
1939 2765 2022 2790 siano
2047 2765 2184 2790 avvenuti
2210 2768 2246 2795 4⁰

1287 2809 1364 2841 negli
1384 2816 1429 2833 an.
1452 2815 1581 2842 ¹²²4·²Si
1603 2810 1639 2833 cf.
1658 2815 1728 2842 pure
1748 2815 1775 2840 p.
1796 2814 1855 2840 109,
1875 2815 1902 2832 n.
1916 2814 1939 2840 3,
1953 2815 1968 2832 e
1981 2807 2121 2839 P.E01n1‚
2140 2807 2184 2832 La

1287 2852 1397 2876 Colonia
1418 2852 1558 2877 Saracena
1577 2852 1607 2876 di
1625 2853 1742 2881 Luc-era,
1762 2851 1819 2882 cit„
1840 2858 1866 2883 p.
1890 2857 1932 2882 10,
1954 2858 1980 2874 n.
1998 2857 2024 2882 3.

1372 2892 1383 2910 ⁷
1402 2894 1560 2920 Pon-misr
1578 2902 1653 2928 pone
1673 2894 1694 2919 il
1713 2895 1827 2918 ritorno
1846 2901 1863 2918 a
1883 2893 1974 2918 Roma
1994 2893 2038 2918 fra
2060 2893 2083 2917 il
2110 2891 2144 2918 16
2167 2899 2184 2917 o

1286 2934 1308 2958 11
1327 2941 1358 2958 21
1376 2942 1489 2965 marzo3
1503 2935 1641 2964 Bor-man,
1655 2942 1681 2959 n.
1695 2933 1763 2966 6945
1775 2942 1800 2965 a,
1821 2933 1864 2958 fra
1878 2934 1901 2958 il
1918 2933 1949 2958 18
1963 2940 1978 2958 e
1993 2933 2014 2957 il
2029 2939 2061 2958 22
2076 2940 2182 2958 marzo.

1373 2974 1385 2992 ⁸
1405 2976 1417 3001 1
1437 2977 1496 3001 dati
1518 2976 1699 3009 cronologici
1721 2975 1917 3007 rispondono=
1938 2975 1984 2999 nel
2007 2981 2073 3007 ¹233
2099 2974 2121 2999 il
2148 2979 2180 3006 25
2208 2979 2241 3007 45
2291 2993 2294 2996 .

1285 3017 1332 3051 IV,
1354 3018 1428 3043 festa
1447 3019 1476 3044 di
1497 3019 1524 3044 S.
1544 3018 1642 3044 Marco
1661 3017 1860 3051 Evangellsta,
1881 3016 1969 3042 cadde
1988 3016 2019 3041 di
2038 3015 2146 3041 lunedl.

2207 1150 2246 1184 15
2261 1142 2269 1163 ⁵

2203 1664 2274 1721 25'
