2320 3444
339 2924 371 2942 10

393 223 439 258 48
849 217 1123 254 RYCCARDI
1151 216 1222 251 DE
1250 214 1463 251 SANCTO
1493 213 1761 249 GERMANO
2051 217 2103 253 [Α.
2125 218 2218 253 1218]

394 354 409 370 ⁸
425 354 494 386 hoc
527 351 741 386 necessitatis
779 349 925 382 articulo
960 358 1057 380 suum
1091 346 1234 390 negauit

397 409 411 425 “
425 407 624 449 obsequium
659 404 880 446 redemptori.
927 403 1017 435 Nam
1031 403 1052 440 ¹,
1084 407 1118 434 et
1149 411 1233 443 quo-

396 463 410 479 “
423 460 526 492 modo
550 459 737 492 secundum
761 463 966 500 preceptum
983 455 1137 487 diuinum
1155 454 1234 487 dili-

396 516 410 531 “
423 514 483 556 git,
506 513 698 555 proximum
723 522 819 543 suum
843 511 931 543 sicut
954 520 991 541 se
1021 509 1143 551 ipsum,
1175 508 1233 550 qui

394 567 409 583 “
423 566 488 598 scit
511 566 635 598 fratres
657 575 736 597 suos
758 564 825 596 fide
849 573 891 595 ac
914 563 1051 595 nomine
1075 561 1233 594 christia-

395 622 410 637 “
423 629 485 651 nos
508 618 600 660 apud
631 617 783 660 perfidos
813 616 1027 648 Sarracenos
1058 614 1233 657 ergastulo

393 673 407 688 “
424 671 490 704 diri
528 670 678 702 carceris
713 669 862 702 detineri
898 674 934 700 et
967 668 1049 711 iugo
1083 666 1233 710 deprimi

395 727 409 742 ¹⁴
422 724 623 767 grauissime
646 722 821 756 seruitutis
852 728 887 754 et
917 721 962 754 ad
995 721 1233 753 liberationem

393 778 407 794 “
423 788 542 810 eorum
573 776 748 809 efficacem
779 786 922 818 operam
952 785 1023 807 non
1051 773 1233 817 impendit,

395 832 409 848 ⁴⁴
422 830 708 874 transgrediendo
731 828 822 861 illius
845 828 1010 860 naturalis
1032 827 1123 871 legis
1137 837 1233 858 man-

395 886 408 902 “
423 884 537 916 datum
564 884 658 926 quod
682 882 842 915 dominus
864 882 902 913 in
917 880 1099 925 euangelio
1117 881 1234 913 decla-

395 938 512 969 “rnuit
535 937 670 969 dicens:
695 935 911 978 Quecumque
933 934 1035 967 uultis
1050 938 1088 966 ut
1095 933 1235 976 faciant

395 991 409 1007 “
422 990 514 1022 uobis
536 990 695 1028 homines,
718 993 753 1021 et
773 1000 831 1021 uos
861 987 966 1027 facite
996 987 1096 1020 illis?
1107 986 1129 1019 ².
1176 986 1233 1018 An

396 1044 410 1060 “
423 1043 514 1075 forte
538 1043 678 1076 nescitis
702 1042 797 1087 quod
814 1042 907 1084 apud
923 1041 1001 1074 illos
1017 1041 1124 1073 multa
1138 1039 1233 1072 milia

393 1096 408 1112 ‘⁴
422 1095 684 1129 christianorum
706 1096 743 1128 in
766 1095 929 1127 seruitute
953 1100 989 1126 et
1012 1104 1155 1126 carcere
1172 1092 1233 1125 de-

396 1149 584 1189 “tinentur,
598 1149 657 1192 qui
673 1149 854 1182 tormentis
870 1147 1059 1180 innumeris
1075 1147 1234 1180 crucian-

395 1203 505 1236 “turi’
528 1203 573 1235 Et
596 1202 734 1246 quidem
758 1212 877 1234 omnes
901 1212 990 1244 pene
1021 1200 1234 1233 Sarraceno-

393 1256 408 1272 “
423 1267 496 1288 rum
519 1256 720 1299 prouincias
742 1266 850 1299 usque
873 1261 952 1298 post
967 1261 1124 1297 tempora
1139 1253 1233 1287 beati

394 1309 408 1325 ‘⁴
424 1309 588 1353 Gregorii
619 1308 798 1342 christiani
832 1308 954 1351 populi
989 1308 1232 1350 possederunt:

397 1364 411 1380 ‘⁶
423 1368 475 1395 set
500 1374 542 1395 ex
563 1368 647 1395 tunc
670 1361 811 1405 quidam
829 1361 1036 1405 perditionis
1053 1360 1141 1393 filius
1155 1359 1232 1392 Ma-

397 1416 625 1449 “chomectus
648 1416 780 1458 pseudo
804 1415 979 1458 propheta
1001 1414 1150 1448 surrexit
1174 1413 1233 1457 qui

396 1471 411 1487 ‘⁴
423 1470 594 1502 seculares
615 1469 799 1502 illecebras
816 1475 851 1502 et
865 1469 1062 1512 uoluptates
1077 1468 1234 1501 carnales

397 1523 547 1556 “multos
570 1534 590 1555 a
612 1523 757 1556 ueritate
774 1522 920 1555 seduxit.
959 1522 1067 1556 Cuius
1088 1521 1233 1564 perfidia

397 1578 412 1594 ‘⁴
425 1577 488 1609 etsi
499 1587 607 1619 usque
619 1577 664 1609 ad
680 1577 747 1608 hec
763 1583 921 1618 tempora
937 1575 1134 1613 inualuerit‚
1151 1585 1233 1608 con-

395 1630 409 1646 “
424 1630 559 1663 fidimus
572 1636 686 1662 tamen
701 1630 738 1662 in
755 1629 896 1663 domino
912 1629 973 1673 qui
988 1629 1056 1661 iam
1072 1629 1159 1661 fecit
1171 1639 1232 1661 no-

396 1685 411 1701 “
424 1683 556 1716 biscum
573 1683 706 1727 signum
723 1683 759 1715 in
774 1682 914 1722 bonum,
931 1682 1026 1726 quod
1042 1681 1118 1714 finis
1130 1681 1233 1714 huius

396 1737 411 1754 “
423 1736 532 1770 bestie
543 1737 810 1779 appropinquat,
826 1736 920 1769 cuius
934 1745 1097 1768 numerus
1109 1745 1233 1768 secun-

394 1790 409 1806 “
424 1789 504 1822 dum
521 1789 758 1832 Apocalipsim
776 1789 938 1822 Iohannis
954 1788 1053 1833 infra
1074 1792 1234 1821 sexcenta

398 1844 612 1886 “sexaginta
632 1853 693 1876 sex
715 1843 889 1876 clauditur
902 1842 931 1881 ⁸3
948 1852 993 1875 ex
1015 1841 1142 1885 quibus
1163 1841 1231 1873 iam

397 1897 514 1939 “pene
537 1896 691 1930 sexcenti
712 1902 791 1928 sunt
813 1896 896 1929 anni
913 1895 1087 1939 completi.
1128 1894 1233 1929 Certe

397 1951 411 1967 ‘⁴
423 1956 567 1993 propter
581 1950 717 1992 priores
731 1949 874 1982 iniurias
890 1950 1041 1994 grandes
1058 1955 1093 1982 et
1108 1957 1234 1993 graues

396 2003 638 2046 ‘redemptori
659 2009 779 2036 nostro
801 2014 866 2046 pro
890 2003 1016 2036 nostris
1039 2002 1184 2036 offensis
1215 2013 1235 2034 a

397 2058 412 2074 ¹⁶
424 2058 564 2098 perfidis
581 2057 781 2090 Sarracenis
800 2058 924 2095 illatas,
938 2066 1050 2099 nuper
1064 2057 1103 2088 in
1118 2062 1234 2088 monte

396 2110 411 2127 ⁸
424 2110 578 2150 Thabor,
602 2111 661 2144 ubi
677 2111 856 2154 discipulis
871 2112 941 2144 suis
964 2111 1081 2143 future
1104 2109 1234 2154 glorifi-

396 2163 410 2179 “
426 2163 570 2196 cationis
580 2174 640 2196 sue
656 2164 810 2207 speciem
827 2163 1084 2198 demonstrauit.
1122 2163 1232 2196 Iidem

399 2218 413 2233 '⁴
426 2217 547 2259 perfidi
561 2215 749 2259 [Saraceni]
761 2218 795 2249 in
804 2218 1044 2250 confusionem
1051 2216 1233 2249 christiani

399 2270 576 2302 “nominis
599 2271 783 2314 quamdam
806 2276 1006 2304 crescerunt
1035 2269 1234 2303 munitionis

399 2324 552 2363 “arcem‚
574 2335 638 2366 per
660 2334 763 2366 quam
793 2325 971 2357 ciuitatem
1005 2322 1130 2357 Aceon
1165 2323 1233 2356 sibi

483 2462 505 2488 7.
525 2457 588 2481 duri
609 2457 718 2487 Garum
738 2458 796 2483 diri
816 2459 879 2483 Cod.
899 2472 931 2476 —
957 2463 999 2491 35.
1019 2466 1095 2491 spem
1121 2457 1235 2489 GAun.;

394 2501 514 2534 speeiem
535 2503 597 2527 Cod.
616 2515 649 2519 -—
669 2501 710 2535 38.
730 2504 818 2528 civita
839 2504 902 2528 Cod.

481 2625 490 2642 ¹
503 2625 560 2655 Qut
574 2627 764 2653 l‘amanuense
778 2627 922 2652 raecorcio
937 2629 970 2652 ed
987 2627 1141 2654 accomodo
1156 2629 1177 2654 il
1191 2631 1283 2654 testor

394 2668 406 2681 ⁸
418 2669 489 2692 Nam
503 2670 526 2692 si
540 2670 604 2700 quis
619 2669 672 2693 sibi
687 2670 732 2694 uel
746 2670 889 2694 modicum
904 2670 972 2701 quid
985 2671 1152 2696 hereditatis
1166 2673 1284 2704 paterne

395 2710 538 2735 “sentiret
557 2711 625 2736 dure
644 2712 785 2737 ablatum:
805 2719 874 2736 mox
903 2713 1055 2738 secundum
1077 2721 1183 2738 morem
1203 2722 1286 2739 mun-

397 2751 521 2776 “danum
550 2753 621 2778 totis
651 2755 760 2778 viribus
786 2755 939 2785 laboraret,
963 2757 995 2780 ut
1021 2763 1100 2780 suam
1122 2757 1284 2782 vindicaret

395 2794 408 2807 ‘¹
421 2795 564 2824 iniuriam,
583 2797 610 2820 et
625 2797 796 2822 violentiam
821 2798 1018 2830 propulsaret:
1043 2805 1094 2823 nec
1120 2799 1202 2824 rebus
1221 2807 1284 2833 par-

395 2835 408 2848 “
421 2839 496 2861 ceret
515 2845 565 2862 nec
584 2840 714 2871 personis
733 2839 824 2864 donec
844 2847 878 2864 ex
905 2841 970 2864 toto
995 2843 1173 2873 recuperaret
1198 2842 1282 2866 amis-

396 2877 490 2903 “sum.
527 2877 677 2907 Quomodo
702 2888 768 2913 ergo
793 2882 901 2913 poterit
926 2882 1054 2906 excusari
1080 2883 1129 2914 qui
1153 2890 1202 2907 nec
1228 2891 1283 2907 me-

398 2918 410 2931 “
423 2920 560 2944 diocriter
579 2922 708 2946 laborare
727 2923 867 2947 studuerit
886 2931 939 2956 pro
959 2924 1104 2955 punienda
1117 2926 1160 2949 sui
1176 2925 1282 2949 redem-

398 2960 411 2974 “
423 2963 514 2992 pteris
525 2963 629 2988 offensa
642 2964 740 2988 eteius
755 2966 862 2989 iniurie
872 2965 1050 2994 ulcixcenda,
1062 2966 1128 2990 dum
1141 2968 1283 2999 parcendo

400 3002 412 3014 “
425 3003 505 3027 rebus
518 3006 545 3028 et
559 3006 688 3037 personis
703 3007 832 3039 impedit,
847 3015 882 3032 ne
896 3008 974 3032 locus
990 3011 1201 3040 recuperaretur
1220 3017 1281 3041 pas-

1299 826 1338 858 10

1300 1092 1336 1125 15

1296 1361 1337 1392 20

1295 1627 1336 1660 25

1296 1897 1339 1928 30

1297 2164 1338 2198 35

1338 2628 1458 2654 “sionls
1477 2630 1505 2654 et
1524 2629 1744 2654 resurrectIonis
1766 2629 1908 2653 dominice
1932 2627 1963 2652 ln
1988 2634 2046 2660 quo
2070 2626 2147 2652 Deus
2170 2633 2222 2652 rex

1339 2671 1353 2684 “
1366 2673 1463 2696 noster
1481 2673 1548 2696 ante
1566 2672 1661 2696 secula
1680 2672 1798 2696 salutem
1817 2672 1846 2695 In
1868 2671 1962 2695 medio
1988 2672 2063 2695 terre
2087 2669 2223 2702 dignatus

1343 2713 1411 2739 “est
1431 2714 1564 2747 operari?
1584 2715 1719 2748 Quomodo
1738 2714 1820 2739 etiam
1844 2714 1983 2738 secundum
2004 2715 2161 2744 preceptum
2185 2711 2226 2737 di-
2256 2717 2269 2736 1
2280 2706 2290 2741 J

1341 2756 1354 2770 ‘¹
1366 2757 1457 2781 vinum
1469 2773 1476 2781 .
1490 2776 1495 2781 .
1508 2775 1514 2781 .
1527 2776 1533 2781 .
1546 2773 1571 2789 „0
2282 2756 2284 2758 ’

1426 2797 1437 2814 ²
1456 2800 1483 2824 S.
1501 2798 1592 2830 LucA,
1613 2799 1807 2831 Evangelium,
1834 2797 1881 2829 VI,
1900 2805 1943 2830 31.

1427 2839 1438 2856 ³
1456 2841 1556 2866 Anche
1575 2843 1623 2874 qui
1644 2842 1836 2866 l'amanuense
1854 2842 1968 2865 omette.

1409 2883 1438 2908 ⁴¹.
1450 2902 1455 2908 .
1467 2900 1488 2909 ..
1508 2885 1659 2909 clauditur:
1678 2885 1708 2908 iu
1729 2884 1861 2916 proximo
1880 2883 1995 2907 fintetur
2014 2890 2064 2915 per
2082 2883 2226 2915 operatio-

1340 2924 1353 2938 “
1367 2933 1430 2950 nem
1454 2925 1582 2959 Spu-ltus
1601 2925 1789 2959 septiformis,
1802 2925 1852 2957 qui
1865 2925 1995 2949 caritatis
2010 2926 2074 2956 {gne
2088 2924 2176 2949 corda
2188 2922 2227 2948 ft-
2276 2934 2282 2942 =

1339 2967 1350 2980 ‘⁴
1364 2967 1469 2992 delium
1489 2969 1626 2993 hactenus
1652 2969 1834 3000 frigescentia
1854 2967 2068 2992 reaccendente:
2089 2975 2119 2991 ex
2136 2965 2228 2998 quibus

1340 3010 1353 3023 “
1364 3010 1417 3035 iam
1431 3014 1503 3041 pene
1516 3029 1522 3035 .
1532 3027 1540 3036 .
1551 3028 1558 3036 .
1568 3027 1576 3036 .
1588 3028 1609 3042 η.
