2320 3444
151 214 225 237 Mun.¹
241 219 261 236 e.
276 219 316 239 995

130 398 207 418 Comes
221 399 289 418 Celrm
293 398 309 419 ι’.

297 2685 370 2709 mu

299 2898 327 2924 15

372 204 442 239 102
828 201 1099 238 RYCCARDI
1128 201 1198 236 DE
1225 201 1438 237 SANCTO
1467 201 1735 238 GERMANO
2032 206 2084 243 [A.
2104 207 2199 243 1222]

352 337 497 369 terbium
512 337 651 368 uadunt.
668 335 871 378 Imperatrix
888 334 996 366 obiit
987 345 1021 365 m
1040 333 1182 366 Sicilia*
1185 357 1194 365 .

352 391 476 423 Comes
506 390 712 422 Thomasius
743 389 787 420 de
817 387 970 426 Molisio,
1002 387 1082 419 licet
1112 397 1194 419 arce

351 443 433 475 satis
457 443 623 480 obsessus,
662 446 831 474 nocturno
870 447 1024 482 tempore
1056 450 1194 473 roccam

351 496 469 529 exiens
491 493 693 538 Magenulfi‚
716 493 778 525 sub
801 493 871 525 fido
895 494 1023 525 ducatu
1051 493 1121 525 iter
1144 493 1195 524 fa-

352 549 448 580 ciens
470 558 533 590 per
556 553 728 584 montana,
752 547 798 578 ad
821 551 971 578 castrum
1003 546 1051 587 [se
1075 551 1194 578 contu-

351 601 413 642 lit]‚
451 601 556 643 quod,
594 599 746 632 sororius
798 609 877 631 suus
916 598 1112 641 Raynerius
1149 599 1194 632 de

350 654 482 686 Auersa
499 652 510 669 ²
548 658 669 684 contra
707 651 955 694 Imperatorem
994 651 1194 684 firmauerat

351 712 385 738 et
409 705 567 738 tenebat:
592 705 710 747 ibique
734 704 891 746 acceptis
915 704 1011 747 equis
1034 710 1069 736 et
1091 705 1194 737 sociis

350 760 470 802 paucis
506 764 625 801 utpote
663 758 717 790 uir
755 758 926 790 animosus
963 763 998 790 et
1035 763 1195 791 strennus

351 813 536 855 c[l]anculo
559 818 674 844 tamen
698 818 733 844 et
756 812 801 844 de
825 818 930 844 nocte
946 822 981 844 se
1006 811 1194 844 Obinulum

351 866 509 903 contulit,
533 865 592 898 ubi
615 864 659 897 ab
689 865 765 902 hiis,
797 865 855 907 qui
886 864 960 896 illic
991 865 1136 897 aderant
1160 872 1195 898 et

350 924 564 951 uocaverant
585 919 708 960 ipsum,
732 924 908 961 gratanter
930 918 1012 950 satis
1034 924 1195 960 receptus

351 977 385 1003 et
408 981 485 1003 cum
509 971 637 1014 gaudio
660 977 722 1003 est.
747 970 818 1008 Qui
840 971 875 1002 in
899 981 999 1003 mane
1022 971 1121 1003 breui
1135 981 1194 1003 ue-

350 1024 447 1056 niens
470 1034 574 1066 super
597 1024 765 1056 Celanum
796 1035 857 1066 spe
883 1025 1008 1057 ductus
1031 1029 1066 1056 et
1089 1025 1196 1057 confi-

352 1077 470 1110 dentia
486 1077 622 1110 illorum
638 1078 695 1120 qui
713 1077 746 1109 ei
762 1076 977 1110 adsistebant
993 1078 1037 1110 de
1062 1078 1194 1111 Celano

351 1130 412 1174 qui
434 1137 602 1163 nouerant
626 1131 698 1162 eius
729 1130 928 1170 aduentum,
958 1137 1096 1174 gentem
1128 1132 1194 1164 Im-

350 1184 519 1227 peratoris
540 1195 610 1216 non
625 1183 797 1217 modicam
813 1184 955 1217 militum
972 1191 1007 1217 et
1030 1186 1195 1227 peditum,

352 1237 411 1280 qui
432 1238 551 1269 turrim
574 1237 696 1270 Celani
719 1248 783 1280 pro
806 1237 938 1270 uiribus
967 1239 1193 1282 impugnaue-

353 1295 431 1323 rant
453 1290 608 1323 diluculo
631 1297 682 1323 est
705 1301 897 1334 aggressus,
928 1302 1056 1335 eosque
1080 1292 1114 1324 in
1139 1293 1194 1325 tu-

353 1354 431 1387 gam
454 1344 568 1382 uertit,
590 1344 715 1376 multos
739 1344 833 1387 cepit
855 1351 890 1377 et
913 1345 1110 1378 carceribus
1134 1347 1194 1380 de-

352 1397 497 1439 putauit.
521 1397 688 1430 Omnibus
710 1397 774 1430 sibi
797 1403 919 1440 postea
935 1398 979 1431 de
995 1398 1126 1432 Celano
1143 1400 1195 1432 fa-

353 1450 524 1489 uentibus,
555 1460 633 1482 cum
663 1450 787 1493 quibus
816 1451 910 1483 idem
942 1461 1056 1484 comes
1087 1458 1194 1486 totam

353 1503 515 1536 Mai-siam
539 1503 682 1546 equitat,
711 1504 836 1546 spoliat
866 1505 1016 1547 propriis
1040 1505 1139 1538 bonis
1161 1512 1195 1539 et

354 1557 521 1590 deuastat.
572 1557 779 1599 Depretatus
802 1564 853 1590 est
883 1558 1044 1598 Ciustam,
1075 1559 1195 1592 Pater-

353 1620 434 1643 num
448 1612 459 1629 ³
482 1610 670 1648 conbussit‚
701 1617 735 1643 et
766 1621 904 1654 queque
934 1618 1047 1654 potest
1070 1613 1106 1645 in
1130 1613 1196 1647 Ce-

352 1665 433 1697 lano
456 1670 646 1707 congregat
667 1664 775 1696 uictui
797 1666 1004 1699 necessaria.

442 1715 524 1754 Quo
541 1717 682 1759 a[u]dito
698 1718 887 1760 prephatus
910 1718 1119 1753 Acerrarum
1135 1731 1196 1754 co-

354 1780 428 1802 mes
450 1776 484 1802 et
507 1771 565 1813 qui
588 1781 667 1803 cum
690 1781 732 1804 eo
756 1778 867 1810 erant,
897 1773 1017 1815 paucis
1043 1774 1080 1807 in
1103 1775 1194 1808 obsi-

353 1824 458 1856 dione
481 1834 584 1857 rocce
608 1825 797 1868 Magenulfi
818 1826 965 1865 relictis;
991 1827 1104 1861 dictus
1121 1828 1194 1861 Ste-

353 1877 487 1919 phanus
510 1877 706 1910 Casinensis
730 1878 836 1911 abbas
858 1885 893 1912 et
919 1880 1119 1924 Raynerius
1142 1892 1196 1914 ar-

355 1930 598 1973 chiepiscopus
620 1930 842 1973 Capuanus⁴‚
859 1939 1072 1976 congregato
1097 1945 1195 1967 exer-

356 1983 437 2022 citu,
476 1993 579 2025 super
616 1984 785 2017 Celanum
814 1986 955 2026 uadunt,
985 1986 1068 2019 licet
1101 1988 1194 2021 idem

356 2036 643 2079 archiepiscopus
666 2037 748 2070 dum
771 2038 839 2071 iret
860 2039 895 2071 in
920 2039 993 2073 fata
1015 2042 1195 2075 concessit.

357 2089 401 2121 Et
423 2090 564 2122 tandem
581 2090 674 2123 idem
690 2101 807 2124 comes
823 2098 953 2125 artatus
968 2093 1012 2126 ab
1027 2094 1197 2137 imperiali

445 2234 498 2266 5-6.
523 2233 562 2267 [se
587 2235 725 2267 consulit]
751 2235 847 2262 GAuo.
873 2250 906 2256 —
931 2245 955 2270 9.
981 2239 1027 2263 vir
1053 2240 1196 2264 animatus

356 2279 451 2304 GAuu.
470 2292 504 2296 —
525 2285 565 2310 13.
580 2287 664 2304 manu
679 2281 742 2306 Cod.
757 2295 789 2298 —
807 2281 845 2306 18.
860 2283 963 2307 terram
978 2283 1079 2308 Celani
1100 2284 1197 2309 Gnun.

443 2430 452 2447 ¹
473 2432 584 2456 “Anno
609 2432 726 2457 Domini
755 2433 916 2460 MCCXXII
942 2436 1091 2461 undecime
1117 2435 1179 2469 (sic)
1205 2438 1249 2461 in-

355 2474 527 2503 “dictionm
547 2474 665 2500 domina
686 2477 853 2508 imperatrix
873 2476 1048 2503 Constantia
1073 2480 1147 2504 obiit
1174 2479 1249 2513 apud

354 2517 368 2530 ¹¹
378 2516 548 2542 Cathaniam
562 2537 585 2550 ,„
599 2519 719 2544 Annales
733 2520 828 2551 Siculi,
842 2521 884 2547 ed.
898 2528 913 2546 e
927 2522 981 2546 loc.
995 2523 1044 2547 cit.
1070 2522 1166 2547 Morta
1181 2523 1200 2547 il
1215 2529 1248 2555 23

354 2558 393 2583 VI
407 2568 421 2584 a
435 2559 567 2590 Catania,
582 2561 611 2584 fu
625 2561 778 2594 seppellita
792 2563 867 2588 nella
881 2562 1047 2589 Cattedrale
1060 2565 1088 2589 di
1102 2565 1249 2590 Palermoz

357 2601 440 2626 “Hoc
460 2604 502 2626 est
522 2610 624 2635 corpus
644 2603 760 2628 domine
781 2603 955 2630 Constancie
969 2607 1094 2631 illustris
1106 2606 1249 2632 Romano·

355 2643 443 2668 “rum
469 2645 661 2676 imperatricis
686 2653 795 2680 semper
820 2650 939 2680 auguste
965 2651 993 2674 et
1018 2651 1115 2682 regine
1140 2649 1249 2680 Sicilie,

381 2687 479 2710 uxoris
493 2688 603 2712 domini
618 2688 800 2719 imperatoris
813 2691 962 2723 Friderici,
976 2693 1004 2716 et
1018 2692 1076 2716 filie
1089 2694 1164 2725 regis
1178 2693 1249 2718 Ara-

357 2727 370 2740 “
380 2736 496 2760 gonum.
516 2728 599 2754 Obiit
613 2738 690 2754 anno
705 2731 849 2757 dominice
862 2733 1075 2758 incarnationis
1091 2734 1249 2760 Millesimo

357 2768 530 2801 “CC.XX11‚
550 2777 627 2795 xxm
648 2772 730 2802 iunii,
754 2780 773 2797 x
795 2774 968 2799 indictionis
993 2776 1023 2800 in
1049 2777 1169 2801 civitate
1195 2776 1248 2802 Ca·

358 2811 371 2823 “
382 2811 479 2836 thanie
493 2830 515 2843 ,„
535 2814 571 2837 cs.
590 2813 620 2838 F.
640 2814 780 2846 Dnusu,
803 2817 822 2840 l
835 2817 931 2848 regali
954 2819 1071 2848 sepolcri
1089 2819 1135 2843 del
1158 2820 1249 2845 duona

356 2853 386 2877 di
403 2854 530 2880 Palermo
548 2856 718 2881 ricanosciuti
735 2859 769 2882 ed
785 2859 927 2888 illustrati,
947 2860 1062 2892 Napoli,
1086 2860 1160 2893 1784,
1174 2869 1202 2894 p.
1215 2861 1249 2894 69

356 2895 506 2921 {acsimim
544 2898 582 2921 La
603 2898 668 2923 data
695 2901 717 2924 si
745 2900 781 2925 ha
806 2908 875 2932 pure
901 2902 946 2926 nei
973 2902 1146 2935 Necrologio
1173 2903 1249 2928 delia

356 2935 494 2970 Cappella
514 2939 647 2965 Palatina
667 2942 696 2965 di
711 2941 849 2972 Pa1ermo,
863 2943 943 2968 edito
958 2945 1005 2969 dal
1020 2945 1248 2975 metnmuun,

357 2979 463 3004 Forsch.
483 2989 531 3005 zur
545 2983 682 3007 deutschen
703 2985 861 3016 Gescln'chte,
874 2987 932 3016 cit„
945 2986 1045 3016 XVIII,
1061 2995 1087 3020 p.
1101 2994 1160 3020 473.
1193 2988 1249 3013 Co-

1261 813 1299 845 10

1262 1078 1298 1111 15

1259 1348 1300 1379 20
1354 1351 1477 1379 contra
1488 1346 1601 1388 ipsum
1617 1346 1780 1378 comitem
1792 1356 1896 1388 super
1907 1345 2076 1379 Celanum
2087 1346 2199 1385 uadit3

1258 1613 1299 1647 25

1258 1883 1300 1915 30

1260 2150 1300 2183 35

1353 339 1515 372 arctatus,
1538 341 1708 366 nocturno
1731 339 1889 376 tempore
1912 344 2051 367 roccam
2080 334 2199 367 exiens

1354 387 1555 431 Magenulfi,
1579 386 1642 419 sub
1665 387 1734 419 fido
1759 387 1887 419 ducatu
1902 387 1968 419 iter
1983 387 2120 420 faciens
2134 398 2199 430 per

1353 446 1516 473 montana
1532 441 1577 472 ad
1593 446 1743 472 castrum
1767 451 1804 472 se
1819 440 1977 481 contulit,
1993 439 2088 483 quod
2103 440 2199 485 Ray-

1355 493 1503 535 [naldus]
1527 493 1571 526 de
1589 492 1723 525 Auersa
1746 493 1896 525 sororius
1912 493 1984 525 eius
2007 493 2162 531 tenebat:
2178 505 2199 527 a

1354 556 1422 589 quo
1446 546 1600 588 acceptis
1623 546 1731 589 equis,
1755 551 1791 578 et
1812 545 1914 579 sociis
1943 546 2072 588 paucis,
2105 546 2199 580 clan-

1353 599 1431 631 culo
1454 599 1558 631 intrat
1580 598 1781 636 Obinulum,
1803 604 1839 631 et
1862 598 1992 632 deinde
2021 609 2100 631 cum
2131 600 2200 632 suis

1352 663 1457 694 supra
1479 652 1649 685 Celanum
1672 651 1830 690 ueniens,
1852 662 1912 695 spe
1936 653 2060 685 ductus
2082 662 2200 686 eorum

1353 705 1398 737 de
1422 704 1565 743 Celan0‚
1588 705 1647 748 qui
1671 704 1878 738 assistebant
1900 705 2015 738 eidem
2038 711 2073 738 et
2099 715 2200 739 noue·

1352 765 1433 792 rant
1453 758 1546 791 illius
1570 759 1768 797 aduentum,
1792 758 2001 800 imperi-ales.
2023 758 2200 802 quierant

1352 812 1445 844 intus
1468 812 1644 854 Celanum,
1669 818 1702 845 et
1725 813 1845 845 turrim
1861 823 1925 854 pro
1941 812 2072 846 uiribus
2086 812 2200 856 impu·

1354 865 1517 908 gnabant‚
1541 865 1697 898 diluculo
1720 874 1903 909 aggressus
1927 871 1989 905 est,
2011 875 2138 909 eosque
2161 865 2200 899 in

1353 918 1472 961 fugam
1495 919 1612 957 uertit,
1644 919 1768 951 multos
1800 919 1905 961 cepit,
1936 925 1971 951 et
2001 919 2212 964 carceribus,

1354 972 1543 1014 deputam,
1567 978 1602 1005 et
1625 978 1707 1005 tunc
1730 978 1839 1005 totam
1863 972 2029 1005 Marsiam
2057 973 2200 1016 equitat,

1353 1026 1521 1068 predatur
1544 1026 1706 1066 Ciuitam‚
1738 1025 1923 1058 Paternum
1953 1025 2135 1065 comburit,
2165 1032 2200 1060 et

1354 1088 1421 1122 que
1443 1084 1558 1120 potest
1572 1078 1607 1110 in
1623 1079 1756 1112 Celano
1771 1079 1881 1112 uictui
1895 1079 2094 1112 necessaria
2114 1089 2200 1112 cou-

1353 1139 1485 1175 gregat.
1543 1131 1624 1170 Quo
1662 1132 1802 1176 cognito
1840 1132 1954 1165 dictus
1990 1132 2200 1166 Acerrarum

1355 1195 1471 1218 comes
1514 1185 1637 1228 paucis
1666 1186 1702 1218 in
1737 1185 1919 1219 obsidione
1953 1195 2057 1220 rocce
2093 1185 2200 1220 Maie-

1355 1239 1437 1271 nulfi
1461 1239 1601 1277 relictis,
1624 1250 1692 1271 una
1715 1250 1794 1272 cum
1818 1239 1998 1282 Stephano
2020 1240 2198 1273 Casinensi

1354 1291 1479 1324 abbate
1496 1297 1532 1324 et
1547 1291 1733 1335 Raynaldo
1749 1292 1916 1334 Capuano
1933 1292 2200 1336 archiepiscopo

1354 1398 1468 1432 dictus
1490 1404 1606 1432 tamen
1631 1399 1915 1443 archiepiscopus
1930 1399 2043 1432 subita
2055 1399 2198 1432 infirmi-

1353 1458 1423 1486 tate
1447 1458 1628 1495 correptus
1649 1453 1686 1485 in
1709 1453 1766 1485 uia
1788 1459 1942 1486 mortuus
1970 1459 2031 1486 est.
2076 1452 2199 1487 Dictus

1355 1516 1472 1539 comes
1486 1506 1618 1539 Mo'lisii
1628 1506 1672 1539 ab
1684 1507 1895 1539 Acerrarum
1909 1507 2035 1540 comite
2046 1512 2199 1542 arctatus

1355 1565 1418 1598 est,
1441 1565 1474 1592 et
1497 1559 1666 1592 Celanum
1690 1565 1787 1592 extra
1809 1559 1998 1593 obsessum.

1442 1613 1636 1655 Imperator
1673 1613 1710 1645 in
1752 1613 1877 1646 Sicilia
1922 1614 1966 1646 de
2011 1613 2292 1661 Mirabettome.

1353 1667 1554 1709 triumphat,
1576 1672 1611 1699 et
1641 1667 1686 1699 de
1716 1667 1792 1709 ipso
1824 1672 1859 1700 et
1891 1667 1961 1700 suis
1986 1667 2074 1701 :tecit
2102 1666 2278 1715 quodff‘mfflss

1354 1731 1472 1753 eorum
1495 1726 1667 1753 meruerat
1690 1720 1866 1763 exigentia
1881 1721 2153 1754 commissorum.
2197 1722 2278 1768 „¹¹3”

1442 1772 1643 1807 Seruientes
1667 1775 1710 1807 de
1733 1775 1894 1820 Neapoly
1917 1781 1953 1808 et
1976 1775 2100 1809 Gaieta
2115 1769 2281 1822 lori-Am·¹

1354 1828 1423 1861 cati
1445 1834 1480 1861 et
1503 1837 1581 1860 cum
1596 1828 1702 1860 scutis
1723 1839 1829 1870 super
1851 1829 2019 1862 Celanum
2043 1826 2270 1864 uadunt-'’³⁴‘'

2199 1857 2278 1877 lessu-

1441 1881 1563 1914 Dictus
1578 1880 1788 1914 Acerrarum
1802 1892 1919 1915 comes
1933 1883 1969 1915 in
1980 1881 2199 1916 obsidionem
2208 1883 2272 1930 ὥς,

1354 1945 1459 1968 rocce
1476 1934 1665 1978 Magenulfi
1681 1935 1875 1968 reuertitur.
1907 1935 2010 1968 Tunc
2026 1935 2266 1984 comitissam

1355 1998 1435 2021 cum
1458 1998 1494 2021 se
1520 1987 1647 2021 diutius
1671 1994 1791 2020 tenere
1814 1998 1884 2021 non
1909 1995 2036 2032 posset,
2051 1989 2280 2038 acceptaff¹22

1356 2052 1375 2074 a
1398 2042 1537 2084 prefato
1561 2040 1769 2074 Acerrarum
1793 2042 1918 2075 comite
1942 2052 2006 2084 pro
2021 2053 2058 2075 se
2075 2047 2111 2076 et
2132 2042 2201 2076 suis

1354 2095 1543 2128 securitate
1573 2104 1799 2137 personarum
1831 2101 1867 2128 et
1897 2106 2021 2135 rerum,
2059 2105 2197 2130 roccum

1443 2245 1468 2271 3.
1488 2239 1614 2264 contulit
1638 2238 1775 2272 Caspium
1801 2239 1876 2264 Uen.
1904 2253 1935 2257 —
1960 2240 2017 2272 3-4.
2041 2239 2200 2273 Rnyneriun

1355 2284 1431 2309 Uen.
1451 2293 1464 2308 e
1483 2284 1581 2308 Pam-z
1600 2297 1632 2301 ——
1655 2291 1696 2316 ¹3-
1716 2283 1866 2316 deputavit
1879 2283 2008 2309 Civitam
2021 2284 2097 2310 Ucu-
2111 2298 2143 2304 —
2158 2291 2201 2318 14.

1357 2327 1484 2353 Ciuitam
1504 2336 1552 2353 om.
1572 2328 1670 2352 Pena-z

1303 2438 1400 2462 stanza
1419 2434 1492 2461 mori
1513 2439 1620 2461 mentre
1639 2436 1777 2461 Federico
1804 2444 1850 2461 ers
1875 2436 2039 2462 all'assedlo
2067 2438 2096 2463 di
2122 2437 2201 2468 Iatoz

1304 2479 1340 2505 cs.
1360 2488 1388 2512 p.
1411 2487 1467 2512 ¹03·
1487 2487 1515 2505 n.
1536 2487 1558 2505 1.

1390 2520 1401 2538 ²
1419 2522 1573 2551 Ruinaldo,
1600 2529 1658 2546 non
1684 2522 1831 2553 muniere,
1856 2521 1995 2547 d‘Aversa
2020 2522 2051 2547 fu
2077 2525 2202 2556 cognato
2229 2529 2264 2548 20

1303 2564 1334 2589 di
1353 2563 1507 2590 Tommaso
1526 2565 1554 2589 di
1576 2564 1693 2590 Celano.
1729 2564 1753 2589 11
1774 2572 1857 2590 nome
1876 2565 1907 2589 di
1925 2564 1967 2589 lui
1993 2565 2100 2590 ricorre
2124 2566 2201 2591 chi·-

1304 2609 1428 2632 ramente
1442 2608 1471 2632 in
1487 2608 1574 2632 molte
1589 2607 1686 2632 lettere
1700 2606 1941 2640 dell’imperatore
1954 2615 1968 2631 e
1979 2607 2009 2632 dl
2020 2605 2132 2632 Onorio
2144 2607 2203 2640 1113

1304 2649 1339 2674 cf.
1360 2649 1589 2680 meaLMANN,
1608 2650 1678 2675 Acta
1697 2650 1814 2681 imperii,
1835 2651 1892 2679 cit.,
1911 2657 1957 2682 pp.
1983 2656 2042 2682 ²3²=
2069 2655 2134 2683 ²333
2159 2651 2200 2676 M.

1309 2692 1339 2717 G.
1361 2693 1398 2716 H.
1418 2692 1486 2723 LL.,
1507 2693 1528 2717 t.
1546 2691 1580 2721 11.
1600 2700 1626 2724 p.
1647 2697 1713 2724 25o;
1726 2691 1920 2721 Romu-usne,
1939 2695 1981 2722 op.
2001 2693 2055 2722 cit„
2074 2699 2121 2725 pp.
2141 2699 2201 2726 220,

1304 2733 1363 2766 287,
1385 2734 1445 2766 289,
1465 2734 1526 2766 318.
2228 2741 2262 2768 κς

1390 2775 1401 2793 ³
1419 2777 1594 2802 S’identifica
1613 2785 1667 2802 con
1682 2777 1708 2802 S.
1723 2777 1879 2802 Benedetto
1892 2777 1937 2802 dei
1952 2777 2051 2802 Marsi.
2077 2777 2201 2803 Paterno

1303 2827 1400 2853 presso
1421 2820 1538 2845 Celano.

1390 2860 1401 2878 ⁴
1420 2862 1443 2886 11
1465 2868 1498 2894 ²9
1518 2862 1543 2887 X
1565 2869 1630 2887 1222
1651 2861 1787 2887 Federico
1807 2861 1833 2886 11
1846 2861 1941 2886 chiese
1960 2861 1988 2886 al
2003 2869 2075 2895 papa
2090 2861 2118 2886 ln
2132 2869 2201 2886 con-

1302 2904 1399 2929 vnlida
1419 2904 1447 2928 dl
1468 2904 1531 2936 Ugo
1556 2905 1664 2930 decano
1683 2904 1720 2929 ad
1740 2905 1924 2930 arcivescovo
1945 2904 1973 2928 di
1995 2903 2102 2936 Capua.
2121 2910 2201 2929 come

1302 2954 1463 2971 successore
1477 2947 1730 2972 dell’arcivescovo
1743 2945 1905 2976 Ralnald03
1919 2946 1956 2971 cf.
1970 2946 2198 2979 anxetuauu,
2226 2952 2262 2980 3ο

1302 2989 1373 3014 Acta
1393 2989 1510 3020 imperii,
1531 2990 1591 3019 cit„
1610 2997 1637 3023 p.
1657 2995 1719 3021 224.
