2320 3444
333 235 382 270 30
779 233 1068 271 RYCCARDI
1096 233 1169 268 DE
1197 232 1416 269 SANCTO
1447 231 1725 291 GERMANO
1997 237 2052 274 [A.
2071 238 2166 276 1209]

323 367 338 383 ³
349 376 491 399 consors
506 371 622 399 nostra
637 366 760 409 regina
776 367 920 399 duxerat
942 365 1160 398 debilitatam

322 418 337 434 ‘⁴
352 419 474 452 uidere
496 430 565 452 non
592 420 764 452 modicum
787 430 852 462 per
882 429 999 452 casum
1030 419 1156 461 egritu-

325 473 339 489 “
354 472 442 505 dinis
455 478 490 504 et
505 473 625 506 mortis
637 483 810 511 occasum,
823 478 943 505 contra
958 470 1158 505 fidelitatem

323 525 337 541 “
352 531 501 558 nostram
538 525 697 568 nequiter
735 525 967 558 coniurarunt.
1014 525 1061 558 Et
1098 535 1161 558 nos

325 579 340 595 ‘⁴
355 578 494 620 quidem
517 578 609 611 istud
638 579 726 611 sicut
756 578 951 610 audiuimus
981 577 1028 611 ita
1053 584 1087 611 et
1109 578 1160 609 ui·
1246 578 1264 609 5

325 631 474 669 “dimus‚
497 631 671 674 quomodo
700 631 730 664 is
752 637 834 664 ante
857 632 1016 674 prorupit
1039 631 1074 663 in
1099 642 1160 663 ne-

325 684 437 725 “phas
472 694 514 716 ex
548 694 615 727 quo
645 685 743 727 quasi
777 695 820 717 ex
850 684 953 727 adipe
983 684 1160 727 prodierat

324 737 496 776 “facinus‚
527 737 661 770 scilicet
692 748 807 771 comes
837 737 1034 780 Amphusus
1047 736 1069 776 ¹,
1099 737 1159 781 qui

323 791 337 807 “
351 790 447 832 quasi
472 790 621 823 diceret:
659 790 816 824 “Ponam
844 791 962 824 sedem
985 801 1098 824 meam
1121 791 1159 823 in

321 842 336 859 ¹⁴
352 843 366 860 “
382 843 576 876 Calabriam
599 849 633 876 et
656 854 716 877 ero
739 843 863 877 similis
892 844 967 888 regi
981 867 1011 884 „‚
1042 849 1159 887 preter
1226 844 1265 876 10

147 909 239 930 c.1o7v
321 895 417 929 “alia
446 896 554 929 multa
584 895 628 929 et'
657 907 784 940 magna
817 898 921 930 etiam
953 897 1158 942 dignitatem

320 948 334 965 ‘⁴
350 948 554 988 almirantie,
578 950 756 983 castellum
779 949 904 984 Mense
931 956 966 984 et
994 950 1159 984 Montici-

322 1001 454 1034 ‘num’
484 1003 632 1046 superbe
663 1004 855 1046 postulauit
884 1015 905 1036 a
936 1003 1048 1037 nobis.
1092 1003 1159 1036 Cui

321 1055 335 1071 ‘⁴
348 1065 426 1093 cum
448 1055 599 1099 benigne
622 1067 838 1101 negaremus,
854 1063 972 1100 utpote
988 1058 1047 1101 qui
1063 1058 1159 1090 uole-

318 1106 469 1141 ‘bamus
492 1119 534 1141 ex
559 1109 620 1142 illo
649 1110 791 1144 modico
821 1111 915 1154 quod
945 1115 1160 1144 remanserat
1225 1110 1263 1144 15

320 1161 335 1178 ‘⁴
348 1162 447 1194 nobis
470 1162 622 1195 demanii
642 1162 763 1196 saltem
787 1164 1010 1197 mediocriter
1025 1170 1158 1197 susten-

319 1214 423 1254 “tari‚
447 1215 521 1258 ipse
544 1222 752 1259 conceptum
774 1217 920 1259 perfidie
948 1227 995 1250 ex
1024 1217 1158 1250 habun-

319 1268 334 1285 “
349 1267 441 1300 datia
465 1268 580 1301 cordis
602 1276 775 1310 eructans,
797 1270 833 1302 in
847 1271 1031 1304 acerrimas
1046 1271 1158 1303 minas

320 1321 516 1363 “prorupit,
539 1322 670 1361 dicens,
693 1323 746 1356 sic
772 1334 834 1356 nos
864 1323 1002 1357 auribus
1031 1324 1157 1357 nostris

320 1374 335 1390 ‘⁴
346 1374 553 1408 audiuimus:
575 1377 590 1393 ‘⁴
603 1376 698 1419 quod
712 1386 885 1420 nunquam
898 1377 1039 1410 uolebat
1051 1377 1156 1411 homo
1221 1379 1263 1412 20

320 1427 335 1443 “
352 1427 501 1466 “teneri,
523 1428 587 1461 nisi
614 1440 708 1462 suam
732 1435 854 1463 contra
877 1440 941 1463 nos
963 1430 1157 1473 potentiam

321 1481 335 1497 ‘⁴
351 1479 366 1495 ‘⁴
380 1479 674 1523 demonstraret„
718 1482 763 1516 Et
784 1482 834 1515 sic
858 1484 984 1516 ceteris
1000 1484 1072 1516 suis
1090 1483 1158 1516 ini-

321 1534 336 1550 “
349 1539 460 1566 tentes
481 1535 646 1579 uestigiis,
666 1542 828 1579 tanquam
845 1548 888 1570 ex
902 1548 972 1570 uno
988 1547 1047 1570 ore
1064 1538 1156 1571 simi-

319 1586 394 1618 “lia
409 1587 636 1622 minabantur.
667 1589 878 1623 Consideret
893 1601 978 1634 ergo
994 1596 1054 1624 tua
1069 1590 1155 1624 fide-

321 1639 437 1679 “litas‚
460 1640 488 1673 si
511 1640 600 1674 iusta
622 1649 742 1675 contra
765 1653 826 1676 eos
848 1653 912 1676 nos
934 1654 1040 1677 causa
1062 1655 1157 1678 com·
1221 1646 1262 1680 25

321 1693 336 1710 “
347 1693 465 1733 mouit,
487 1705 566 1727 cum
581 1695 648 1738 ipsi
664 1702 785 1729 contra
799 1707 863 1730 nos
879 1698 1157 1741 conspirauerint

320 1746 336 1762 “
347 1746 438 1779 sicut
459 1747 598 1781 iniuste.
644 1747 781 1788 Quibus
802 1750 920 1794 utique
934 1751 1048 1785 nullus
1063 1757 1155 1786 esset

318 1798 333 1815 ‘⁴
346 1799 439 1842 apud
461 1810 524 1834 nos
546 1801 643 1834 locus
665 1802 781 1842 uenie,
804 1803 834 1836 si
857 1805 1015 1838 meritam
1039 1804 1084 1838 ab
1106 1806 1157 1839 eis

318 1851 333 1868 ‘⁴
347 1853 502 1897 exigeret
531 1855 616 1888 ultio
646 1867 781 1899 penam.
826 1858 1004 1902 Numquid
1034 1859 1157 1903 aliquis

319 1906 381 1938 “in
404 1906 576 1948 Calabria,
600 1909 724 1953 aliquis
747 1916 808 1950 est,
831 1921 934 1955 quem
950 1912 1057 1946 lateat
1072 1923 1156 1956 qua·
1219 1917 1262 1950 30

317 1958 332 1975 “
347 1959 424 1993 liter
439 1971 553 1994 comes
575 1961 785 2005 fflphusus,
801 1971 919 2008 preter
935 1975 977 1998 ea
992 1975 1060 2009 que
1075 1972 1156 2000 sunt

320 2014 334 2030 ‘⁴
346 2013 541 2048 iuuaribilia
563 2025 670 2058 opera
685 2027 745 2050 sua
760 2019 861 2058 mala,
877 2025 995 2062 preter
1009 2020 1047 2053 id
1062 2020 1157 2064 quod

321 2066 336 2083 ‘⁴
347 2071 454 2099 totam
476 2067 672 2102 subiecerat
686 2081 746 2103 sue
762 2073 927 2114 potestati
948 2073 1156 2113 Calabriam,

321 2119 389 2152 “ac
411 2120 439 2152 si
461 2121 636 2155 modicum
659 2129 748 2157 esset
770 2125 866 2168 quod
894 2125 931 2158 in
957 2126 1154 2159 demanium

319 2172 333 2188 ⁸
349 2178 500 2206 nostrum
513 2174 563 2207 sic
575 2177 787 2218 expanderet
799 2178 871 2210 alas
882 2189 973 2219 suas,
988 2185 1023 2214 et
1035 2185 1157 2213 contra
1219 2184 1261 2219 35

319 2223 334 2240 ‘⁴
347 2235 463 2269 regern
486 2228 582 2271 regni
606 2235 742 2262 erectus
757 2231 940 2265 ecclesiam
958 2233 1155 2273 Neocastri,

321 2278 520 2312 “abbatiam
559 2281 686 2315 Sancte
728 2283 932 2326 Euphemie‚
974 2292 1154 2331 utramque

319 2331 528 2365 “ecclesiam
555 2334 682 2373 Mileti,
711 2336 883 2370 abbatiam
915 2345 949 2372 et
972 2339 1156 2382 episcopa-

318 2383 333 2399 “
347 2389 429 2423 tum,
444 2386 627 2419 ecclesiam
643 2388 835 2429 Balnearie‚
851 2391 1035 2425 ecclesiam
1049 2392 1155 2426 Scille

319 2437 381 2470 “et
403 2438 525 2471 multas
547 2440 631 2472 alias
654 2441 832 2482 destruxit,
850 2455 994 2487 quarum
1010 2445 1154 2489 castella
1220 2454 1261 2486 40

318 2489 516 2531 “detinens,
546 2493 663 2526 facere
693 2506 761 2528 non
795 2496 908 2530 timuit
937 2498 1004 2531 Dei
1035 2500 1155 2533 domos

317 2542 332 2558 “
347 2545 529 2585 speluncas
552 2545 747 2580 latronum?
760 2547 772 2565 ⁸
797 2550 870 2583 Nos
892 2557 1007 2584 tamen
1030 2557 1081 2585 tot
1098 2552 1155 2585 im-

408 2703 428 2721 1.
448 2697 583 2723 debutam
605 2700 668 2725 Cod.
687 2713 719 2719 —-
738 2705 763 2731 5.
781 2701 835 2733 qffi.
858 2703 933 2734 Cod.;
952 2710 1038 2736 quum
1057 2703 1153 2730 Gau».

319 2751 351 2755 —
371 2743 395 2769 7.
414 2746 449 2764 ex
461 2747 515 2771 qua
531 2741 592 2766 Cod.
606 2754 640 2760 —
656 2741 695 2767 16.
709 2743 807 2768 saltim
822 2745 886 2769 Cod.
901 2758 934 2763 —
947 2752 989 2779 27.
1003 2746 1045 2771 sle
1058 2745 1154 2773 ΕΔΜ).

320 2793 351 2798 -
371 2779 412 2812 36.
431 2789 526 2814 regum
546 2782 640 2809 Gaun.
659 2798 692 2803 -·
712 2791 754 2818 37.
773 2786 923 2819 Euphonie
943 2789 1007 2814 Cod.
1026 2798 1040 2813 e
1059 2788 1155 2815 Gamo.

406 2902 415 2919 1
434 2902 537 2935 Aufuso
556 2904 588 2928 de
607 2904 684 2929 Roto
702 2907 785 2931 conte
803 2908 832 2933 di
852 2908 981 2942 Tropeaz
994 2917 1021 2935 v.
1032 2917 1059 2942 p.
1073 2910 1116 2941 28,
1136 2919 1163 2937 n.
1185 2919 1207 2938 1.
1263 2915 1412 2946 occupat-si
1432 2914 1505 2940 delle
1525 2917 1697 2950 prepotenze
1711 2916 1756 2942 del
1769 2917 1854 2944 conte
1871 2916 1987 2942 Anfuso
2000 2916 2029 2942 dl
2042 2916 2165 2950 Tropem

280 2945 294 2972 5
407 2940 419 2958 ²
438 2944 601 2970 Mendicino
621 2946 651 2970 in
673 2947 806 2974 Calabria
826 2957 922 2982 presso
941 2951 1093 2979 Amantes.
1261 2963 1276 2980 e
1288 2956 1333 2981 del
1347 2957 1429 2982 dilui
1443 2957 1568 2991 fratello,
1581 2961 1666 2985 conte
1678 2959 1830 2990 Riecardo,
1839 2959 1870 2984 ln
1882 2959 1979 2985 dunno
1989 2959 2064 2985 della
2073 2958 2156 2986 chle—

407 2983 418 3000 ³
431 2985 529 3011 Anche
540 2986 699 3013 Innocenzo
712 2989 751 3014 111
766 2991 788 3015 ll
803 2998 834 3024 ²5
849 2991 916 3017 VIII
931 2999 1007 3025 1207,
1017 2995 1208 3020 scrivendone
1262 3005 1292 3023 sa
1311 3006 1326 3023 e
1345 2999 1390 3024 del
1410 3007 1532 3026 vescovo
1545 3001 1576 3026 di
1589 3001 1692 3027 Mileto
1710 3009 1725 3027 e
1737 3001 1917 3027 mlnaeclnrll
1931 3001 1964 3027 dl
1976 3001 2155 3034 scomunlcs3
2186 3006 2219 3028 xo
2256 3028 2258 3030 ,

323 3025 458 3052 all'arciv.
476 3028 504 3052 di
524 3027 651 3055 Cosenza
668 3038 684 3055 e
702 3032 729 3056 al
748 3039 819 3058 vesc.
838 3035 865 3059 di
886 3035 1064 3067 Marturano.
1090 3038 1207 3063 dovette
1262 3040 1297 3066 cf.
1317 3040 1485 3074 Pornusr,
1504 3051 1531 3069 n.
1551 3042 1636 3077 3165:
1657 3043 1671 3058 “
1681 3043 1786 3070 Sedens
1806 3044 1947 3077 iniquitas
1965 3051 2156 3077 super-...p
2264 3039 2271 3042 '⁴
