2320 3444
85 198 306 222 Mu..,cc.1020.21
329 188 396 223 168
769 184 1059 220 RYCCARDI
1087 184 1159 218 DE
1188 183 1407 219 SANCTO
1438 183 1715 219 GERMANO
1988 189 2040 225 [A.
2061 189 2155 225 12:⁵01

85 584 238 604 lummenlum
255 584 297 604 Im-

107 611 230 636 peratoris.

85 1040 219 1060 Mandatum
227 1041 297 1066 Impe-

111 1067 188 1086 numi
209 1073 222 1087 a
247 1074 297 1088 car-

110 1093 223 1114 dinalibus
243 1096 298 1120 sac-

109 1122 165 1140 tum.

157 2019 177 2036 e.
190 2019 237 2038 ¹97

319 319 504 352 astantibus
528 327 664 361 quoque
685 317 814 349 ibidem
829 315 947 358 Regni
965 315 1118 357 prelatis,
1140 315 1400 356 Panormitano,
1417 314 1557 359 Regino
1575 320 1610 348 et
1625 313 1770 348 Barensi
1785 315 2073 359 archiepiscopis,
2087 326 2155 350 nec

320 383 388 404 non
414 371 592 404 Casinensi
615 370 803 403 Casemarii
828 375 862 401 et
885 368 1003 402 Sancti
1028 368 1205 401 Uincentii
1228 367 1410 401 abbatibus
1434 373 1468 400 et
1490 368 1635 410 prelatis
1658 368 1747 408 aliis,
1770 369 1828 411 qui
1852 379 1958 402 causa
1981 376 2092 403 metus
2108 371 2153 404 de

319 426 444 468 Regno
468 429 692 461 secesserant,
716 422 904 465 Raynaldo
927 422 1020 454 dicto
1045 422 1134 454 duce
1158 421 1300 464 Spoleti,
1323 427 1358 453 et
1380 421 1519 453 Thoma
1542 421 1586 453 de
1610 420 1750 464 Aquino
1773 421 1984 454 Acerrarum
2014 423 2152 462 comite,

319 478 471 510 Henrico
496 478 539 510 de
563 476 680 508 Morta
702 474 872 519 Magistro
895 474 1088 514 iustitiario‚
1112 475 1255 518 aliisque
1272 474 1391 518 Regni
1406 474 1607 512 iustitiariis,
1625 479 1659 506 et
1675 474 1872 514 baronibus,
1887 485 1931 508 ac
1953 475 2086 518 plebeis
2102 497 2156 515 —,

319 532 363 564 de
387 530 632 563 satisfaciendo
655 535 773 561 sancte
798 529 956 561 Romane
982 528 1130 561 ecclesie
1152 538 1217 571 pro
1240 527 1316 566 hiis,
1340 528 1463 571 quibus
1487 527 1806 560 excommunicatus
1829 529 1955 567 suerat,
1984 529 2157 572 recipiunt
2202 529 2222 563 5

320 584 363 616 ab
387 585 598 625 Imperatore
620 582 760 625 publice
783 582 1021 618 iuramentum,
1045 587 1126 614 tunc
1149 581 1187 613 in
1210 582 1324 614 anima
1346 591 1417 619 sua,
1448 581 1583 613 iurante
1613 592 1677 623 pro
1707 591 1750 614 eo
1779 581 1916 614 Thoma
1947 582 1991 614 de
2017 581 2156 626 Aquino

316 637 524 669 Acerrarum
548 635 685 674 comite,
709 641 744 667 et
759 635 902 677 prelatis
916 645 958 667 ac
973 634 1188 677 principibus
1203 634 1409 667 Alamannie
1426 634 1617 667 iurantibus
1633 644 1710 666 cum
1727 644 1769 667 eo
1785 634 1978 678 subscripta
1993 635 2157 678 capitula.

317 691 418 722 Tunc
442 687 722 731 Salseburgensis
743 688 1026 730 archiepiscopus
1051 688 1094 719 ad
1117 687 1339 730 Imperatoris
1362 688 1618 720 excusationem
1639 687 1743 731 longo
1758 687 1871 720 tenuit
1885 697 2040 720 sermone
2055 688 2159 727 diem,

319 743 376 776 cui
399 742 512 775 dictus
534 742 662 775 Sancte
686 740 815 773 Sabine
839 739 1026 773 cardinalis
1049 741 1226 773 luculenta
1249 751 1319 773 non
1342 741 1454 773 minus
1477 741 1633 774 oratione
1656 741 1844 783 respondit.

890 853 1128 896 Priuilegium
1150 853 1350 897 principum
1373 853 1583 885 Alamannie.
2184 853 2224 887 10
2263 839 2264 842 Ἴ

407 935 450 967 In
472 934 603 967 nomine
624 933 775 972 Domini,
799 933 917 966 Amen.
955 933 1032 965 Nos
1046 933 1228 966 Bertoldus
1250 932 1492 976 Aquila-gensis
1505 934 1697 976 patriarca,
1714 938 1748 965 et
1763 933 2014 977 [Eberhardus]
2029 933 2159 968 archie-

317 989 477 1031 piscopus
499 986 785 1030 Sais-eburgensz's,
811 985 1035 1030 [Sz'gifridus]
1066 987 1248 1030 episcopus
1276 986 1554 1030 Ratysponensis,
1577 986 1786 1030 Lympuldus
1814 986 1956 1019 Austrie
1977 997 2018 1020 ac
2039 985 2159 1027 Stirie,

319 1041 566 1083 [Bernhardus]
590 1040 778 1078 Corinthie,
809 1043 841 1072 et
873 1039 957 1071 Octo
980 1040 1140 1072 Morauie
1161 1040 1269 1078 duces,
1299 1039 1369 1072 Dei
1396 1041 1522 1082 gratia
1551 1041 1728 1083 principes
1757 1040 1908 1083 imperii,
1929 1043 1998 1084 per
2021 1043 2158 1084 presens

319 1095 482 1137 scriptum
505 1098 617 1126 notum
636 1093 719 1136 fieri
740 1094 888 1125 uolumus
911 1093 1089 1132 uniuersis,
1112 1092 1203 1136 quod
1223 1093 1317 1126 inter
1337 1098 1585 1126 sacrosanctam
1608 1093 1799 1126 Romanam
1822 1093 1992 1126 ecclesiam
2015 1097 2160 1127 matrem

319 1153 466 1181 nostram
481 1152 515 1180 et
530 1148 708 1187 dominam,
724 1151 758 1179 et
771 1147 1019 1179 serenissimum
1035 1146 1202 1179 dominum
1218 1151 1368 1179 nostrum
1383 1146 1609 1179 Frederieum
1626 1147 1878 1190 Imperatorem
1893 1150 2030 1191 semper
2044 1158 2159 1190 augu-
2186 1147 2225 1181 15
2268 1148 2270 1150 ’

318 1206 416 1243 stum,
440 1202 649 1234 lherusalem
679 1205 713 1233 et
740 1199 859 1233 Sicilie
889 1210 1022 1243 regem,
1045 1200 1210 1239 conuenit,
1234 1201 1325 1243 quod
1351 1201 1393 1232 de
1423 1200 1590 1232 communi
1609 1210 1723 1232 eorum
1754 1200 1927 1232 uoluntate
1955 1200 2161 1234 tractabitur

319 1256 360 1287 de
382 1255 440 1287 uia
455 1255 663 1292 inuenienda,
679 1254 827 1297 qualiter
849 1254 897 1286 ad
916 1253 1030 1297 ipsum
1053 1254 1224 1286 dominum
1247 1253 1498 1297 Imperatorem
1520 1264 1595 1285 cum
1618 1253 1742 1286 honore
1764 1252 1912 1292 ecclesie,
1937 1254 2103 1287 Gaietana
2126 1258 2161 1287 et

318 1307 441 1341 Sancte
463 1308 606 1350 Agathe
629 1308 793 1345 ciuitates,
816 1312 851 1339 et
865 1318 979 1339 omnes
994 1317 1068 1339 cum
1084 1307 1176 1339 bonis
1191 1307 1260 1339 suis
1282 1307 1323 1339 de
1345 1306 1473 1350 Regno
1488 1306 1607 1339 Sicilie
1623 1317 1704 1350 quos
1725 1306 1762 1338 in
1773 1306 1849 1349 fide
1870 1318 1932 1339 sua
1955 1307 2089 1351 recepit
2103 1318 2157 1341 ec-

323 1362 425 1394 clesia
448 1366 481 1393 et
502 1362 538 1393 in
560 1361 692 1393 ecclesie
714 1361 891 1392 deuotione
912 1361 1118 1404 perdurant,
1141 1365 1372 1393 revertantur.
1418 1359 1477 1392 Ad
1497 1371 1594 1403 quem
1625 1364 1808 1393 tractatum
1834 1361 1935 1392 datus
1964 1365 2014 1393 est
2042 1371 2160 1400 anmcs,

325 1415 401 1453 nisi,
425 1419 524 1447 antea
546 1414 604 1447 uia
627 1415 740 1446 ualeat
763 1414 923 1456 inueniri,
947 1415 995 1446 ad
1015 1425 1116 1457 quam
1139 1414 1373 1446 inueniendam
1398 1413 1489 1446 dicta
1512 1418 1624 1447 mater
1646 1414 1787 1446 ecclesia
1809 1424 1927 1446 curam
1949 1418 1982 1446 et
2003 1414 2162 1448 sollicitu-
2184 1415 2228 1448 20
2276 1416 2279 1418 ’

324 1469 434 1500 dinem
458 1468 614 1500 adhibere
633 1468 806 1511 promisit,
829 1478 889 1500 nec
911 1468 1006 1500 ultra
1028 1468 1199 1506 terminus,
1223 1468 1292 1499 nisi
1312 1467 1354 1499 de
1376 1478 1534 1500 consensu
1556 1468 1710 1511 partium
1731 1467 2001 1511 prorogabitur.
2046 1466 2106 1501 Set
2119 1468 2161 1511 si,

322 1523 412 1565 quod
432 1522 527 1560 absit,
551 1520 649 1565 infra
671 1522 782 1565 ipsum
806 1522 988 1554 terminum
1011 1522 1071 1554 uia
1094 1522 1247 1554 inueniri
1265 1533 1330 1554 non
1361 1522 1479 1565 possit,
1503 1532 1548 1554 ex
1570 1526 1649 1554 tunc
1680 1524 1746 1564 per
1768 1521 1919 1554 arbitros
1941 1522 2162 1555 communiter

323 1576 497 1619 eltjgendos
520 1576 728 1619 procedetur
748 1577 784 1608 in
807 1576 875 1614 uia,
899 1579 936 1607 ut
958 1576 1085 1608 dictum
1108 1580 1168 1618 est,
1191 1575 1364 1619 eligenda,
1388 1586 1530 1619 quorum
1552 1575 1622 1607 sint
1651 1576 1716 1607 duo
1747 1586 1789 1607 ex
1818 1578 1924 1618 parte
1953 1575 2098 1614 ecclesie,
2129 1579 2165 1609 et

323 1630 386 1660 duo
409 1640 450 1661 ex
469 1633 573 1673 parte
594 1628 836 1673 Imperatoris.
882 1628 960 1670 ,Qui
979 1630 1011 1661 si
1033 1629 1238 1662 concordare
1261 1639 1325 1660 non
1347 1629 1511 1672 poterint,
1534 1629 1689 1672 quintum
1712 1627 1853 1672 eligent,
1870 1633 1905 1660 et
1918 1628 2008 1661 dicto
2023 1629 2163 1662 maioris

320 1683 436 1726 partis
457 1683 614 1715 stabitur.
652 1683 816 1715 Prestitit
831 1687 940 1715 autem
957 1683 1109 1715 dominus
1124 1682 1324 1726 Imperator
1339 1683 1566 1715 iuramentum
1581 1685 1648 1726 per
1668 1681 1703 1714 T
1700 1682 1833 1714 hamam
1849 1682 1891 1714 de
1905 1681 2042 1726 Aquino
2055 1681 2162 1719 Acer-
2187 1682 2228 1716 25

323 1747 440 1768 rarum
462 1737 615 1769 comitem
638 1737 678 1768 de
693 1737 851 1769 mandato
867 1747 927 1768 suo
942 1737 978 1768 in
992 1736 1109 1768 anima
1124 1747 1186 1768 sua
1200 1736 1380 1775 iurantem,
1397 1736 1487 1779 quod
1499 1736 1636 1768 interim
1649 1735 1826 1779 predictas
1840 1740 1955 1768 terras
1969 1741 2004 1768 et
2017 1735 2165 1769 homines

325 1801 390 1822 non
412 1790 552 1834 offendet
573 1801 634 1822 nec
654 1790 835 1834 permittet
855 1790 979 1833 offendi
999 1800 1020 1821 a
1042 1790 1121 1829 suis,
1145 1794 1180 1822 et
1200 1790 1303 1829 uiam,
1335 1800 1398 1832 que
1427 1790 1620 1821 inuenietur
1650 1792 1716 1833 per
1746 1799 1949 1822 communem
1980 1793 2165 1822 tractatum

324 1848 439 1876 sancte
460 1843 615 1876 Romane
638 1843 773 1877 ecclesie
796 1848 830 1876 et
852 1844 996 1876 eiusdem
1019 1843 1150 1876 domini
1168 1843 1407 1886 Imperatoris,
1430 1844 1487 1875 uel
1503 1846 1572 1887 per
1594 1843 1751 1882 arbitros,
1775 1843 1852 1887 ipse
1873 1843 2027 1876 dominus
2048 1842 2166 1887 Impe-

322 1901 421 1929 rator
443 1897 641 1930 obseruabit.

413 1950 545 1983 Notum
566 1961 692 1994 quoque
705 1950 870 1995 facimus,
894 1951 986 1994 quod
997 1951 1150 1983 dominus
1164 1950 1366 1995 Imperator
1380 1951 1525 1983 remittit
1538 1960 1666 1982 omnem
1683 1951 1839 1994 offensam
1859 1949 2052 1983 Teutonicis
2067 1949 2166 1983 Lom-
2187 1950 2231 1982 30

325 2003 455 2037 bardis'
484 2004 518 2036 T
515 2005 603 2037 uscis
626 2009 660 2037 et
681 2004 868 2037 hominibus
890 2002 1007 2037 Sicilie
1029 2004 1255 2047 generaliter,
1278 2008 1311 2037 et
1335 2004 1485 2043 Gallicis,
1509 2004 1570 2047 qui
1591 2009 1709 2037 contra
1739 2015 1813 2036 eum
1844 2003 2001 2037 Romane
2030 2003 2166 2037 ecclesie

326 2058 538 2096 adheserunt,
564 2063 601 2090 ut
623 2059 748 2090 dictum
772 2058 984 2091 Acerrarum
1007 2059 1160 2091 comitem
1174 2060 1268 2103 jecit
1288 2059 1417 2096 iurare,
1441 2058 1532 2101 quod
1551 2058 1641 2090 nullo
1656 2068 1802 2102 unquam
1826 2061 1980 2102 tempore
1992 2057 2168 2101 predictos

327 2113 470 2155 offendet
491 2123 550 2145 nec
571 2113 751 2156 permittet
773 2113 897 2156 offendi
915 2115 982 2156 pro
1006 2123 1053 2150 eo,
1076 2112 1166 2155 quod
1186 2116 1305 2145 contra
1334 2122 1418 2150 eum,
1446 2116 1522 2144 orta
1545 2112 1727 2150 discordia,
1749 2111 1906 2144 Romane
1926 2111 2062 2144 ecclesie
2082 2110 2167 2143 assi-

324 2169 463 2203 sterunt,
486 2169 535 2197 set
556 2169 674 2209 pacem
698 2166 746 2198 eis
768 2170 801 2198 et
822 2166 957 2198 ecclesie
972 2166 1172 2198 obseruabit.
1218 2165 1380 2198 Remittit
1393 2165 1495 2197 etiam
1510 2165 1585 2208 ipse
1601 2166 1755 2197 dominus
1771 2165 1971 2209 Imperator
1984 2164 2168 2197 sententias

326 2218 576 2251 constitutiones
610 2223 643 2251 et
666 2219 785 2257 banna,
807 2220 840 2251 si
860 2230 926 2262 qua
948 2222 1016 2263 per
1038 2229 1112 2251 eum
1136 2219 1192 2251 uel
1212 2222 1279 2263 per
1302 2219 1386 2251 alios
1408 2218 1478 2251 lata
1501 2219 1557 2251 uel
1577 2218 1670 2251 edita
1691 2223 1771 2251 sunt
1791 2219 1960 2251 occasione
1975 2217 2169 2250 huiusmodi
2189 2217 2231 2251 35

328 2277 446 2304 contra
469 2282 533 2304 eos.
581 2272 763 2305 Promittit
785 2273 886 2305 etiam
910 2274 1002 2316 quod
1022 2277 1138 2306 terras
1160 2273 1295 2306 ecclesie
1317 2272 1353 2305 in
1376 2272 1498 2305 ducatu
1522 2277 1555 2305 et
1578 2273 1743 2312 marchia,
1773 2283 1830 2304 seu
1859 2272 1927 2304 alio
1954 2270 2166 2315 patrimonio

328 2326 459 2358 ecclesie
483 2336 546 2358 non
569 2326 707 2358 inuadet
728 2337 790 2359 nec
812 2327 1003 2358 deuastabit
1019 2329 1089 2370 per
1110 2336 1145 2358 se
1167 2326 1225 2359 uel
1243 2329 1309 2369 per
1330 2326 1425 2364 alios,
1448 2326 1536 2359 sicut
1556 2326 1592 2358 in
1614 2327 1756 2369 scriptis
1777 2325 1819 2358 ab
1842 2326 1918 2369 ipso
1941 2325 2074 2357 domino
2097 2324 2168 2358 Im-

327 2382 490 2423 peratore
503 2379 615 2422 factis
635 2383 739 2423 super
759 2380 928 2423 predictis
949 2380 1110 2419 omnibus,
1132 2384 1167 2412 et
1187 2379 1286 2412 bullis
1307 2380 1421 2412 aureis
1442 2379 1621 2423 impressis
1651 2384 1685 2411 et
1714 2379 1864 2423 typariis
1892 2390 1951 2412 sue
1981 2377 2168 2411 maiestatis

329 2433 466 2464 munitis
485 2433 644 2476 plenarie
667 2434 868 2466 continetur.
913 2433 990 2466 Nos
1012 2434 1116 2466 etiam
1139 2433 1373 2466 nichilominus
1395 2433 1495 2466 tactis
1517 2434 1740 2466 sacrosanctis
1755 2432 1956 2476 euangeliis,
1979 2431 2169 2464 iurauimus

327 2490 517 2529 procurare
539 2486 624 2518 bona
645 2487 720 2526 fide,
744 2487 835 2530 quod
854 2487 1030 2531 predictus
1052 2487 1208 2519 dominus
1235 2487 1433 2531 Imperator
1460 2486 1623 2530 predicta
1650 2487 1809 2525 seruabit,
1834 2490 1867 2520 et
1887 2490 2005 2519 contra
2035 2496 2076 2518 ea
2104 2496 2171 2518 non
2192 2485 2236 2518 40

328 2540 448 2572 ueniet.
480 2539 586 2582 ‚Quod
597 2540 629 2572 si
638 2541 746 2581 fieret,
763 2541 832 2573 nisi
843 2540 940 2583 infra
956 2545 1026 2574 tres
1042 2551 1167 2574 menses
1181 2541 1216 2573 in
1232 2540 1407 2584 Regnum,
1423 2541 1520 2584 infra
1536 2545 1681 2584 quatuor
1696 2541 1733 2573 in
1745 2540 1897 2578 Italiam,
1913 2540 2009 2578 infra
2024 2540 2170 2583 quinque

330 2597 431 2625 extra
455 2593 594 2625 Italiam
618 2594 756 2626 duxerit
777 2595 1032 2633 emendandum,
1055 2597 1211 2638 potenter
1231 2605 1271 2627 ac
1293 2597 1455 2638 patenter
1477 2595 1524 2626 ad
1545 2594 1795 2637 requisitionem
1823 2593 1958 2626 ecclesie
1979 2593 2170 2625 assistemus

329 2646 363 2677 ei
383 2651 500 2679 contra
523 2648 671 2679 eumdem
694 2648 863 2680 dominum
886 2648 1150 2692 Imperatorem,
1174 2647 1276 2680 donec
1297 2647 1515 2692 satisfecerit.
1561 2647 1667 2690 ,Quod
1684 2648 1717 2680 si
1737 2650 1804 2692 per
1826 2646 1994 2679 dominum
2010 2646 2169 2690 Impera-

332 2703 437 2731 torem
460 2701 604 2738 steterit‚
627 2701 718 2743 quod
736 2701 884 2734 arbitros
906 2712 971 2734 non
993 2702 1146 2745 elegerit,
1169 2701 1226 2734 uel
1247 2701 1395 2734 arbitros
1418 2701 1640 2745 impediuerit
1661 2711 1701 2733 ne
1721 2700 1920 2744 procedant,
1944 2711 2003 2732 nos
2033 2699 2170 2733 ecclesie

417 2819 440 2837 2.
460 2812 559 2838 Sancti
579 2814 727 2839 vincentii
746 2815 780 2839 de
799 2814 941 2840 Volturno
960 2814 1036 2840 Uen.
1055 2824 1068 2839 e
1087 2815 1184 2839 Pnnrz
1205 2827 1238 2832 —
1260 2821 1299 2839 ιι.
1320 2814 1352 2838 In
1369 2817 1458 2846 questo
1471 2814 1628 2847 privilegio
1647 2813 1660 2838 i
1675 2812 1829 2844 nomiposti
1839 2813 1933 2837 dentre
1941 2813 2085 2844 parentem·
2097 2820 2168 2837 man-

330 2863 393 2879 cano
412 2856 458 2879 nel
475 2857 538 2880 Cod.
558 2857 641 2886 Uen..
661 2857 724 2882 Dm.
742 2857 786 2883 Ru
804 2867 817 2882 e
836 2858 932 2883 Pam-z
951 2871 984 2876 —-
1007 2864 1094 2890 13-14.
1114 2858 1257 2891 presentes
1276 2858 1375 2882 notum
1395 2857 1471 2882 Uon.
1490 2866 1503 2881 e
1523 2857 1586 2882 Du
1604 2857 1649 2882 R:
1667 2869 1700 2875 —-
1722 2856 1761 2881 18.
1781 2856 1864 2880 bonis
1884 2856 1942 2880 suis
1961 2863 2041 2888 quos,
2061 2859 2169 2886 espunto

330 2903 398 2928 quos
419 2898 483 2923 Cod.
503 2912 535 2915 —
556 2905 597 2923 21.
612 2907 661 2923 nec
674 2900 750 2924 ultra
764 2902 926 2930 terminum,
940 2901 996 2925 nisi
1011 2900 1045 2925 de
1059 2908 1196 2925 consensu
1216 2900 1341 2934 partlum
1360 2900 1581 2933 prolongabitur
1599 2899 1689 2928 UGH.;
1709 2898 1861 2924 terminum
1881 2898 1944 2923 Dm.
1962 2897 2007 2922 Rs
2026 2911 2058 2916 —-
2079 2904 2120 2922 22.
2139 2899 2168 2923 et

328 2941 395 2963 tune
414 2940 488 2964 Uen.
509 2953 541 2958 —
562 2947 604 2972 30.
623 2941 742 2966 fecimus
767 2943 842 2967 Uen.
869 2955 901 2960 —
928 2942 970 2975 38.
996 2943 1139 2973 omnibus,
1164 2942 1254 2967 bullis
1273 2942 1368 2967 Pmrz
1388 2954 1420 2959 —
1440 2948 1482 2975 40.
1503 2941 1648 2975 predIctus
1667 2940 1788 2966 domnus
1808 2940 1907 2965 Psarz
1926 2953 1959 2958 —
1978 2947 2020 2973 43.
2040 2939 2169 2965 eumdem

330 2981 465 3006 domnum
477 2998 484 3007 .
495 3001 500 3006 .
513 2999 536 3007 ..
556 2984 693 3010 domnum
711 2983 809 3010 varz
1374 2977 1380 2984 ⁸
1942 2982 1944 2984 ¹
2201 2986 2215 3014 5
