2320 3444
13 2608 22 2639 J'
51 2622 84 2640 ιο

16 2829 80 2859 ,15

63 238 65 242 .
113 217 166 254 [Α.
187 217 280 252 1228]

35 1611 88 1654 ⁵25

26 1859 88 1923 ’,εο

897 212 1174 249 CHRONICA

1885 213 1952 248 151

199 343 391 386 Imperator
406 343 523 388 Regni
546 344 688 387 prelatis
711 350 746 378 et
769 344 985 388 magnatibus
1009 355 1128 377 coram
1149 355 1186 377 se
1210 345 1304 387 apud
1321 345 1481 377 Barolum
1505 345 1739 388 congregatis,
1755 350 1878 386 parato
1895 344 1960 377 sibi

65 432 70 442 Δ,
113 396 277 430 tribunali
300 397 365 430 sub
389 398 472 431 diuo
495 404 638 440 propter
660 399 773 442 gentis
797 398 1052 431 multitudinem
1077 409 1144 441 que
1169 399 1311 440 copiosa
1335 404 1418 435 erat,
1441 398 1590 440 proponi
1614 398 1700 430 fecit
1724 404 1759 430 et
1781 398 1851 442 legi
1876 399 1956 431 sub-

63 444 66 450 ’
110 449 240 492 scripta
262 450 418 493 capitula
439 451 475 483 in
499 452 639 484 modurn
663 451 875 488 testamenti3
892 457 930 483 ut
946 451 1114 484 uidelicet
1129 462 1248 484 omnes
1265 452 1308 484 de
1325 451 1461 494 Regno,
1479 456 1549 484 tam
1566 451 1690 493 prelati
1707 461 1808 494 quam
1826 451 1957 484 domini

78 495 87 530 ³1
113 509 148 536 et
178 513 297 536 eorum
326 503 455 538 subditi
488 515 617 543 omnes,
647 505 682 536 in
713 515 754 537 ea
783 514 872 546 pace
903 510 937 536 et
967 504 1216 547 tranquillitate
1248 504 1404 537 uiuerent
1434 510 1469 537 et
1498 510 1687 542 manerent,
1718 515 1786 548 qua
1818 515 1892 537 esse
1924 511 1957 537 et

63 563 82 566 ’“
113 555 230 589 uiuere
253 556 347 590 soliti
371 563 471 590 erant
493 563 650 600 ternpore
673 557 768 601 regis
790 557 966 590 Guillelmi
991 557 1146 594 secundi,
1170 556 1293 590 relicto
1310 563 1392 589 tunc
1409 557 1526 600 Regni
1541 557 1646 590 bailio
1663 557 1848 601 Raynaldo
1866 558 1956 590 duce

113 608 245 652 Spoleti
258 609 267 626 ¹
291 616 325 642 et
348 610 374 642 si
391 610 543 643 deficere
559 611 805 652 Imperatorem
822 610 1052 652 contingeret,
1068 610 1133 642 sibi
1150 610 1186 642 in
1203 610 1353 652 Imperio
1369 615 1405 642 et
1419 610 1545 653 Regno
1562 611 1768 643 succederet
1783 611 1956 644 Henricus

111 661 200 694 filius
223 662 297 695 eius
321 663 446 700 maior3
471 664 567 706 quod
591 664 620 696 si
643 663 738 695 illum
762 663 893 706 absque
915 663 1033 696 liberis
1056 663 1141 695 mori
1165 663 1395 706 contingeret,
1419 663 1627 696 chunradus
1642 663 1733 696 filius
1748 663 1821 695 eius
1837 664 1956 697 minor'

110 715 318 749 succederet
340 716 410 754 illi;
434 715 529 759 quod
551 717 581 748 si
603 716 706 749 ambo
730 716 956 755 decederent,
978 716 1056 748 filiis
1080 726 1148 749 non
1171 716 1380 754 extantibus,
1404 716 1463 747 filii
1495 717 1602 758 ipsius
1633 717 1838 758 superstites
1869 727 1956 760 quos

111 767 156 801 de
180 768 334 811 legitima
356 779 463 802 uxore
487 770 687 812 susceperit,
703 769 739 800 in
756 769 879 802 eodem
903 769 1031 812 Regno
1055 779 1116 801 suo
1140 769 1349 803 succedant:
1375 775 1409 801 et
1432 769 1592 811 precipit,
1608 776 1646 801 ut
1663 779 1781 802 omnes
1797 770 1956 803 homines

112 934 341 970 compareret.

113 819 231 865 Regni
254 822 306 854 sui
330 833 398 866 que
419 823 536 856 statuit
559 822 711 855 debeant
734 822 928 854 iuramento
951 832 1109 860 servare3
1134 833 1201 864 que
1226 828 1342 854 tamen
1365 823 1417 854 sic
1448 822 1627 854 obseruari
1658 823 1843 861 mandauit,
1868 823 1894 855 si
1919 824 1956 856 in

55 885 57 888 ⁴
110 874 265 916 presenti
288 875 450 919 passagio
474 875 670 908 humanitus
694 876 739 907 de
761 875 838 917 ipso
854 875 987 918 aliquid
1003 875 1232 918 contingeret,
1250 875 1314 907 nisi
1331 875 1427 908 aliud
1442 880 1686 907 testamentum
1706 875 1750 908 ab
1767 886 1808 908 eo
1825 877 1955 909 editum

388 928 463 961 Hec
487 938 605 961 coram
627 938 664 960 se
688 927 794 960 iurari
818 928 906 961 fecit
930 928 1122 970 Imperator
1152 938 1172 960 a
1203 929 1293 960 duce
1317 928 1477 970 predicto
1508 933 1544 959 et
1575 928 1729 960 Henrico
1761 928 1805 960 de
1836 929 1956 962 Morra

54 1015 55 1018 Ἰ
110 979 281 1023 Magistro
304 981 484 1014 iustitiario
508 986 544 1013 et
560 980 637 1013 aliis
660 981 834 1013 nonnullis
851 981 894 1013 de
909 981 1037 1024 Regno
1053 981 1112 1024 qui
1127 981 1371 1013 interfuerunt.
1409 980 1587 1022 Disposuit
1602 981 1716 1019 etiam,
1733 983 1828 1024 quod
1844 982 1956 1015 nullus

111 1032 156 1066 de
180 1033 306 1078 Regno
329 1045 393 1077 pro
417 1034 498 1068 data
520 1034 576 1067 uel
599 1035 754 1067 collecta
784 1034 916 1077 aliquid
947 1035 1056 1073 daret,
1089 1035 1152 1066 nisi
1175 1045 1239 1077 pro
1262 1033 1469 1066 utilitatibus
1492 1034 1611 1076 Regni
1634 1040 1668 1066 et
1695 1035 1955 1068 necessitatibus

70 1083 90 1119 5
114 1087 308 1129 expediret.

199 1141 322 1174 Mense
345 1141 431 1174 Maii
455 1141 571 1174 casale
595 1142 772 1185 quoddam
795 1142 832 1174 in
854 1140 994 1184 Apulia,
1025 1142 1120 1185 quod
1142 1140 1364 1173 Gaudianum
1379 1140 1391 1158 ²
1415 1140 1556 1179 dicitur,
1580 1139 1772 1173 Melfiensis
1788 1142 1950 1185 dyocesis

112 1192 159 1226 ob
182 1193 286 1237 culpe
311 1194 470 1227 meritum
494 1195 706 1238 Imperatore
729 1195 916 1228 mandante
941 1195 1143 1228 destruitur.

199 1247 337 1280 Domini
361 1248 406 1281 de
429 1248 596 1291 Pupplito
619 1248 768 1282 rebelles
790 1248 877 1282 facti
901 1254 981 1281 sunt
1003 1248 1208 1291 Imperatori
1221 1249 1244 1280 ³.

201 1301 355 1334 Romani
377 1301 472 1334 facta
494 1302 531 1334 in
555 1302 761 1335 extrinsecis
783 1302 1019 1336 destructione
1041 1301 1205 1341 Uiterbii‚
1229 1307 1265 1334 et
1288 1308 1432 1344 optento
1463 1312 1527 1344 per
1557 1301 1626 1334 uim
1657 1307 1770 1334 castro
1802 1303 1951 1345 quodam

109 1460 268 1494 centibus
290 1461 443 1494 castellis
465 1462 661 1496 fautoribus
684 1462 934 1495 Romanorum.

41 1351 80 1381 Ἡ
111 1353 206 1397 quod
229 1354 512 1397 Raspampanum
537 1355 668 1389 dicitur
690 1355 774 1398 ipsis
795 1353 1076 1388 Uiterbiensibus
1099 1354 1239 1388 subdito
1252 1354 1274 1393 ⁴,
1301 1354 1359 1387 leti
1390 1356 1436 1387 ad
1468 1353 1599 1387 Urbem
1631 1355 1796 1392 redeunt3
1827 1355 1952 1397 quibus

107 1406 364 1449 recedentibus,
387 1407 626 1441 Uiterbienses
649 1409 685 1441 in
710 1409 842 1451 campis
866 1415 980 1441 castra
995 1414 1173 1451 ponentes,
1198 1419 1264 1451 que
1288 1414 1431 1451 possunt
1446 1408 1538 1440 mala
1554 1408 1708 1452 irrogant
1723 1408 1954 1441 circumadia-

187 1514 311 1547 Mense
335 1515 424 1548 Iunii
446 1515 635 1558 imperialis
658 1515 855 1549 exercitus⁵
878 1526 983 1559 super
1005 1516 1166 1549 dominos
1198 1517 1242 1548 de
1266 1515 1432 1558 Pupplito
1462 1516 1570 1554 uadit,
1601 1514 1726 1558 quibus
1752 1515 1953 1559 Pupplitum

110 1567 275 1601 auferunt
299 1575 333 1601 et
355 1569 522 1601 nonnulla
545 1569 615 1601 alia
638 1576 762 1602 castra.

200 1621 391 1665 Gregorius
414 1632 507 1665 papa
529 1633 550 1654 a
572 1623 685 1656 Reate
709 1623 893 1656 discedens
915 1623 1014 1656 uadit
1038 1623 1220 1666 Spoletum
1246 1629 1280 1656 et
1303 1623 1431 1656 exinde
1455 1623 1632 1655 Perusium
1647 1622 1669 1654 ⁶.

199 1675 392 1718 Imperator
413 1676 508 1718 apud
533 1676 765 1710 Brundusium
788 1687 825 1710 se
849 1677 1048 1716 conferens,
1071 1687 1165 1709 mare
1189 1678 1308 1716 intrat,
1333 1687 1375 1709 ac
1399 1677 1493 1719 apud
1516 1676 1683 1709 Sanctum
1706 1675 1884 1709 Andream
1908 1677 1952 1709 de

110 1727 221 1761 insula
242 1728 340 1761 iussit
361 1729 477 1761 omnia
501 1729 641 1772 nauigia
664 1735 785 1772 parata
809 1730 854 1763 ad
876 1731 1061 1763 transitum
1086 1731 1292 1767 conuenire;
1318 1741 1358 1763 ac
1389 1730 1516 1763 exinde
1539 1729 1737 1762 Ydrontum
1769 1730 1948 1773 nauigans,

111 1781 262 1814 feliciter
284 1782 376 1814 ultra
398 1793 492 1814 mare
516 1783 563 1816 ad
587 1783 700 1816 crucis
723 1783 925 1827 obsequium
949 1784 1206 1821 transfretauit3
1229 1782 1289 1815 ubi
1312 1783 1396 1827 quid
1420 1784 1532 1826 egerit
1554 1788 1590 1815 et
1613 1782 1760 1826 qualiter
1782 1783 1818 1815 in
1841 1783 1951 1815 Terre

109 1841 229 1868 sancte
253 1835 520 1878 recuperatione
543 1835 736 1878 profecerit
758 1847 908 1880 sequens
930 1837 1038 1870 lectio
1061 1837 1256 1870 declarabit
1268 1835 1290 1869 ⁷.

200 1888 390 1931 Gregorius
413 1898 504 1931 papa
527 1899 642 1921 mense
667 1889 744 1922 Iulii
767 1889 812 1922 de
835 1889 980 1922 Perusio
1003 1891 1098 1922 uadit
1122 1890 1304 1928 Amisiam,
1329 1889 1388 1921 ubi
1413 1890 1557 1922 fratrem
1582 1889 1817 1928 Franciscum,
1841 1889 1955 1922 Mino-

107 1951 183 1973 rum
206 1941 354 1974 fratrum
377 1941 510 1974 ordinis
533 1943 761 1982 inuentorem,
784 1949 926 1986 propter
948 1944 1017 1976 duo
1041 1954 1108 1986 que
1131 1943 1266 1976 fecerat
1289 1943 1455 1975 miracula
1471 1943 1508 1976 in
1530 1948 1663 1985 aperto,
1688 1942 1721 1974 in
1746 1953 1832 1975 ceco
1856 1943 1952 1974 uide-

110 1993 192 2028 licet
215 2005 283 2027 uno
307 2000 344 2028 et
366 1995 504 2034 claudo,
529 1995 652 2039 quibus
674 1996 786 2029 uisum
809 2002 844 2029 et
866 2007 1023 2040 gressum
1047 1997 1261 2035 reddiderat,
1286 1997 1521 2033 canonizauit;
1545 2002 1579 2028 et
1603 1997 1780 2028 Perusium
1803 1996 1955 2034 rediens,

110 2047 159 2080 ibi
182 2049 461 2081 anniuersarium
485 2049 669 2094 magnifice
694 2049 848 2083 celebrat
871 2050 1066 2083 Innocentii
1091 2061 1180 2094 pape
1204 2050 1462 2093 predecessoris
1485 2050 1535 2082 sui
1548 2048 1571 2082 ⁸.

200 2187 224 2211 4.
244 2182 338 2204 essent
357 2180 433 2205 uon.
453 2192 491 2198 —=
505 2188 530 2213 9.
550 2182 675 2214 suscepit
694 2180 770 2206 Uou.
789 2195 822 2200 —
844 2188 884 2207 12.
903 2182 1002 2207 Murro
1028 2181 1102 2207 Uen.
1129 2191 1143 2206 e
1165 2182 1264 2207 Pmrrz
1290 2195 1321 2199 —
1350 2188 1391 2212 13.
1416 2181 1466 2213 qui
1491 2181 1685 2206 interfuerunt
1710 2189 1802 2205 manca
1828 2179 1903 2205 UGH.
1924 2194 1956 2198 —

114 2219 158 2246 16.
175 2221 301 2247 diocesis
321 2222 396 2247 Uen.
416 2236 448 2241 —
469 2228 512 2254 27.
530 2223 710 2256 Hydruntum
730 2224 805 2249 Uen.
824 2237 856 2242 —
877 2231 919 2257 30.
939 2224 1015 2250 Iulio
1035 2224 1111 2250 Uou.
1129 2238 1139 2243 -
1157 2224 1287 2249 Asisium
1308 2223 1383 2248 Ucu-

111 2317 260 2351 “Troysm
278 2321 428 2345 civitatem
448 2320 564 2353 ApulIe,
585 2321 634 2346 ubl
652 2323 721 2346 tunc
739 2323 810 2353 erat,
828 2323 968 2356 imposuit
980 2324 1004 2348 ei

111 2361 125 2375 ⁸
135 2369 240 2387 nomen
261 2362 422 2388 Conradus.
458 2362 551 2388 Mater
571 2365 666 2389 autern
680 2371 731 2389 sua
745 2364 856 2390 decimo
870 2366 916 2390 die
930 2368 1006 2398 post-

110 2402 218 2436 “quam
238 2406 350 2438 peperit
369 2413 440 2435 eum.
459 2406 535 2437 apud
555 2406 704 2431 civitatem
723 2408 847 2432 eamdem
869 2409 1006 2440 migravit

110 2443 124 2458 ‘⁴
133 2446 218 2478 apud·
229 2446 328 2471 Deum.
360 2446 393 2471 In
408 2448 488 2472 cuius
502 2448 612 2473 obitum
626 2449 820 2474 interfuerunt
833 2458 931 2475 omnes
944 2459 1004 2483 pre-

111 2486 189 2512 “lati
208 2490 289 2521 regni
309 2488 420 2519 Sicllie,
439 2491 486 2521 qui
508 2492 705 2515 convenerunt
725 2491 759 2516 ad
778 2493 939 2524 generalem
959 2501 1003 2518 cu-

111 2529 207 2555 “riam
231 2531 337 2563 Bar-oli,
363 2539 446 2564 quam
473 2532 548 2557 idem
575 2534 730 2566 imperator
755 2534 905 2560 ordinavit
930 2536 1004 2568 apud

109 2571 123 2586 ⁴¹
135 2573 261 2598 eamdem
281 2575 427 2606 terramnz
447 2574 482 2599 cs.
505 2575 650 2600 chronicon
670 2576 702 2600 de
722 2576 801 2602 rebus
826 2577 931 2608 Sicilia,
955 2579 1004 2602 cit.

109 2621 156 2640 an.
178 2614 255 2640 1228.

199 2655 207 2672 ¹
226 2657 373 2684 Ralnsldo
393 2659 577 2692 d'Urslingen
598 2660 678 2685 balio
696 2660 742 2685 del
763 2669 858 2693 regno.
897 2662 938 2687 La
959 2669 1005 2687 cu·

109 2700 151 2724 ris
172 2700 201 2724 in
221 2699 349 2726 Barletta
369 2701 399 2726 su
418 2703 518 2727 tenuta
539 2703 584 2726 nei
605 2703 691 2734 primi
713 2702 758 2727 del
780 2704 903 2737 maggIo.

196 2739 207 2757 ²
226 2740 380 2768 Gaudiano
400 2751 498 2776 presso
518 2743 651 2769 Lavello.

197 2781 208 2799 ³
226 2784 240 2808 I
261 2785 396 2810 “domini
416 2786 531 2819 Popleti
544 2805 567 2818 m
590 2787 738 2818 ricmdati,
759 2795 774 2812 a
792 2791 901 2821 quanto
921 2791 944 2815 si
966 2798 1005 2819 sa,

109 2832 158 2858 per
179 2825 206 2850 la
219 2827 311 2859 prima
325 2828 406 2853 volta
428 2829 458 2853 in
473 2829 602 2862 diploma
616 2829 646 2853 di
660 2829 796 2855 Federico
809 2831 836 2855 11
848 2831 894 2856 del
909 2840 1005 2857 marzo

112 2867 178 2892 12²8
197 2867 250 2900 (M.
265 2869 297 2894 G.
313 2870 359 2899 H..
373 2871 442 2902 LL„
455 2870 504 2901 lv,
518 2873 597 2896 tomo
611 2877 647 2900 υς
665 2872 802 2903 ΒὸηΜιῑιι,
815 2873 884 2898 Acta
897 2874 1008 2905 imperii

107 2910 218 2940 sel-cta,
237 2918 264 2935 n.
284 2910 359 2944 301),
371 2913 520 2938 sarebbero
534 2913 650 2939 Gentile
663 2922 677 2938 e
691 2913 851 2947 Gualtlero,
864 2917 1004 2942 entrnmbi

109 2951 154 2977 del
172 2952 374 2985 giustlzlerato
394 2955 572 2986 d’Abruzzo3
592 2957 629 2981 cs.
649 2958 723 2990 Reg.
742 2958 834 2987 Frui„
854 2965 893 2984 cc.
914 2959 962 2984 282
991 2968 1006 2984 e

110 2993 162 3019 286
180 2994 212 3019 in
231 2994 584 3028 Hormo-Bussenius,
604 2999 637 3029 V,
657 3006 703 3033 pp.
724 3005 775 3033 554
794 3008 809 3026 e
829 2999 887 3034 564·

1150 2321 1160 2337 ⁴
1179 2323 1381 2356 Raspampano
1400 2323 1434 2347 ad
1455 2322 1604 2346 occidente
1624 2322 1652 2346 ‹ii
1673 2321 1803 2346 Viterbo.

1147 2364 1159 2381 ³
1177 2366 1306 2390 Esercito
1326 2365 1476 2397 imperiale
1496 2365 1555 2396 agli
1570 2365 1667 2389 ordini
1683 2364 1713 2388 di
1728 2363 1870 2388 Rainaldo
1885 2364 1956 2387 duca

1060 2409 1091 2433 di
1110 2408 1239 2442 Spoleto.

1148 2449 1160 2466 ⁶
1178 2451 1222 2476 Da
1242 2451 1320 2475 Rieti
1341 2451 1484 2483 Gregorio
1505 2449 1579 2482 parti
1602 2450 1623 2473 il
1646 2456 1678 2473 10
1697 2450 1821 2481 maggio,
1843 2448 1862 2471 il
1880 2455 1910 2479 ¹4
1925 2448 1955 2472 fu

1060 2503 1074 2519 a
1094 2494 1221 2526 Spoleto,
1242 2494 1262 2518 il
1284 2493 1317 2518 26
1337 2494 1372 2518 ad
1392 2493 1495 2524 Assisi‚
1516 2500 1531 2517 e
1549 2500 1564 2516 a
1584 2492 1706 2523 Perugia
1730 2491 1751 2515 il
1780 2498 1810 2522 13
1836 2492 1956 2523 giugno,

1058 2537 1226 2566 Porrussr,
1246 2544 1294 2560 nn.
1314 2535 1383 2567 8192
1403 2543 1419 2560 a
1439 2535 1518 2560 8208.

1147 2577 1158 2595 ⁷
1179 2578 1347 2603 “Dominus
1369 2579 1524 2611 imperator
1543 2578 1697 2609 assumptis
1710 2575 1876 2607 quibusdam
1891 2574 1955 2598 fide-

1059 2622 1160 2647 “libus
1180 2622 1260 2654 regni
1280 2621 1379 2646 Sicilie
1400 2629 1461 2645 cum
1482 2620 1672 2652 quadraginta
1690 2619 1781 2651 galeis
1802 2619 1830 2641 in
1852 2617 1955 2648 vigilia

1059 2663 1072 2676 ⁸
1086 2665 1179 2689 sancti
1198 2664 1276 2688 Petri
1297 2663 1456 2696 supradicti
1476 2663 1582 2687 mensis
1603 2662 1676 2686 iunii
1698 2661 1790 2685 exivit
1810 2660 1843 2684 de
1869 2661 1954 2691 portu

1061 2706 1074 2719 “
1087 2706 1242 2731 Brundusii
1254 2714 1284 2738 ης
1305 2706 1452 2731 Clarouicon
1472 2706 1504 2729 de
1523 2705 1601 2728 rebus
1629 2704 1732 2732 Sicilie,
1751 2704 1808 2733 cit„
1830 2702 1955 2726 all'anno

1064 2749 1139 2774 ¹228.
1167 2749 1252 2773 Nello
1266 2750 1356 2773 stesso
1370 2755 1447 2772 anno
1461 2748 1502 2779 gli
1518 2748 1638 2771 Annales
1652 2745 1815 2773 Placentini,
1830 2745 1882 2768 loc.
1897 2744 1956 2773 cit.‚

1061 2792 1182 2817 dicono:
1205 2790 1218 2804 ¹‘
1232 2791 1288 2815 sere
1308 2798 1370 2815 cum
1391 2790 1601 2822 quinquaginta
1616 2789 1706 2819 galeis
1718 2796 1748 2818 „3
1766 2788 1873 2811 mentre
1887 2786 1954 2810 altri

1061 2834 1181 2867 pariano
1201 2840 1269 2867 pure
1289 2833 1318 2857 di
1339 2839 1373 2864 40
1390 2832 1482 2863 galec;
1503 2832 1539 2855 cs.
1559 2830 1694 2860 ΒὸιιΜκκ,
1716 2838 1742 2854 n.
1765 2835 1832 2862 1730
1842 2837 1867 2852 a.

1149 2873 1160 2890 ⁸
1183 2875 1407 2900 “Sanctissimus
1428 2881 1499 2906 papa
1521 2872 1677 2904 Gregorius
1698 2872 1731 2895 (le
1753 2871 1870 2895 fratrum
1889 2877 1957 2894 con-

1063 2917 1156 2941 “silio
1177 2918 1303 2950 perrexit
1322 2917 1474 2943 Assisium,
1494 2915 1542 2938 ubi
1568 2920 1608 2938 ιν.
1637 2921 1703 2937 non.
1729 2914 1785 2937 oct.
1811 2919 1887 2936 nnno
1912 2912 1954 2935 sui

1062 2959 1075 2972 “
1087 2959 1272 2992 pontificatus
1292 2961 1328 2984 2⁰.
1340 2977 1346 2982 .
1358 2977 1364 2982 .
1375 2975 1382 2982 .
1400 2958 1512 2982 beatum
1530 2957 1710 2980 Franciscum
1723 2954 1853 2979 crucifixi
1868 2954 1956 2985 magl-

1063 3002 1176 3027 “strum
1189 3019 1248 3028 ....
1275 3001 1401 3027 decrevit
1429 3001 1457 3026 in
1481 3000 1645 3027 sanctorum
1664 2998 1797 3028 catalogo
1816 2996 1956 3026 adnotan-

1987 224 2062 249 Mus„
2078 231 2111 245 cc.
2124 227 2197 250 roos-6

1983 612 2194 632 Testamentum

2006 639 2163 662 Imperatoris.

1974 1141 2058 1161 Casale
2087 1141 2189 1161 Gaudia-

2000 1174 2013 1186 η
2017 1175 2030 1187 u
2033 1175 2053 1188 m
2093 1169 2190 1189 destrui-

2003 1196 2052 1217 tur,

1979 1729 2098 1749 Transitus
2121 1729 2187 1753 impe-

1996 1756 2083 1776 rasoris
2095 1756 2118 1774 r'n
2135 1756 2187 1775 Ter-

2003 1789 2052 1802 ram
2066 1784 2179 1802 sanctam.

1985 2326 2019 2344 20

1984 2538 2015 2563 ²5

1983 2749 2018 2774 30

1983 2959 2016 2986 35
