2320 3444
380 201 449 236 134
834 199 1115 236 RYCCARDI
1143 199 1213 234 DE
1241 197 1454 234 SANCTO
1483 198 1754 235 GERMANO

2047 206 2099 241 [A.
2120 208 2215 242 ηπ]

380 336 394 352 “
407 333 489 366 illuc
506 333 727 370 accesserint,
744 333 882 375 plenam
900 343 1039 365 suorum
1057 332 1218 374 omnium,

377 387 392 403 ¹⁴
408 388 452 419 de
475 386 598 429 quibus
621 396 703 419 uere
734 385 887 418 confessi
912 391 948 417 et
979 385 1119 418 contriti
1143 387 1218 418 fue-

380 440 486 480 “rint,
514 439 764 482 indulgentiam
801 438 950 471 facimus
984 445 1217 480 peccatorum.

380 493 516 525 “Huius
555 502 691 535 quoque
737 491 948 523 remissionis
993 493 1219 525 concedimus

380 548 395 563 ¹⁴
407 556 481 578 esse
498 545 687 588 participes
699 545 795 576 iuxta
811 544 1014 588 quantitatis
1028 545 1220 578 subsidium

379 601 393 616 ‘⁴
408 605 442 630 et
468 597 664 630 deuotionis
682 598 850 629 affectum
869 608 988 630 omnes
1006 598 1064 640 qui
1080 597 1124 630 ad
1141 598 1221 631 sub-

380 650 608 683 “uentionem
643 650 754 683 Ter-re
793 656 916 683 sancte
949 651 994 682 de
1017 651 1118 684 bonis
1149 652 1221 685 suis

379 707 560 746 “congrue
584 702 837 736 ministrabunt.
884 703 1055 736 Personas
1082 715 1219 749 quoque

378 754 573 799 “ipsorum'
597 762 631 788 et
654 756 746 788 bona
780 762 963 799 postquam
998 767 1140 790 crucem
1167 770 1222 791 as-

380 811 394 827 “
407 809 612 852 sumpserint
634 810 696 842 sub
721 811 814 843 beati
837 810 934 842 Petri
958 817 993 844 et
1007 817 1125 844 nostra
1141 822 1220 854 pro-

380 862 556 895 “tectione
591 862 807 906 suscipimus,
842 869 878 896 et
912 863 974 896 sub
1013 865 1220 897 defensione

379 918 394 933 “
407 916 750 958 archiepiscoporum
766 923 802 950 et
819 917 1061 959 episcoporum
1085 924 1120 950 et
1137 918 1221 951 alio-

378 969 392 985 “
406 980 480 1001 rum
504 970 714 1011 prelatorum
738 970 887 1003 ecclesie
911 971 1026 1003 donec
1050 970 1095 1004 de
1126 971 1221 1015 ipso-

379 1024 480 1054 “rum
506 1022 602 1055 obitu
624 1024 682 1056 uel
705 1024 845 1056 redditu
873 1024 1063 1057 certissime
1090 1034 1220 1068 cogno-

378 1077 523 1108 “scatur
545 1076 682 1120 integra
706 1083 740 1109 et
768 1077 883 1120 quieta
913 1088 1119 1120 permanere
1143 1089 1221 1111 san-

379 1129 516 1162 “cimus
538 1130 605 1162 hiis
627 1131 685 1173 qui
710 1137 832 1164 contra
855 1132 1128 1174 presumpserint
1159 1142 1221 1175 ap-

377 1183 391 1199 “
406 1183 592 1225 pellatione
626 1190 760 1217 remota
795 1184 1016 1218 districtione
1051 1186 1221 1219 canonica

379 1238 393 1254 ‘⁴
407 1237 683 1279 compensandis.
729 1237 767 1270 Si
791 1238 851 1281 qui
874 1248 960 1270 uero
975 1238 1060 1270 illuc
1083 1239 1221 1281 profici-

379 1288 576 1320 “scentium
608 1290 653 1321 ad
677 1289 884 1331 prestandas
914 1300 1036 1323 usuras
1057 1297 1221 1326 tenentur

380 1342 394 1358 ‘⁴
411 1341 552 1374 uinculo
575 1342 769 1382 iuramenti,
798 1343 1010 1387 precipimus
1041 1352 1080 1379 ut
1106 1347 1221 1380 credi-

380 1396 501 1427 “tores
546 1405 663 1428 eorum
688 1407 752 1439 per
775 1396 1002 1431 ecclesiarum
1039 1400 1221 1444 prelato[s]

379 1448 657 1482 “districtionem
681 1450 784 1482 simili
812 1451 1069 1493 compellantur
1100 1454 1145 1486 ad
1167 1465 1221 1487 re-

378 1503 393 1519 “
405 1502 618 1535 mictendum
635 1503 700 1536 sibi
716 1503 957 1537 huiuscemodi
980 1505 1220 1548 iuramentum,

379 1557 393 1573 '⁴
407 1561 442 1588 et
465 1556 508 1589 ab
532 1556 717 1589 exactione
749 1557 916 1590 desistere
939 1569 1129 1600 usurarum,
1152 1561 1221 1594 hiis

378 1610 394 1626 ⁸
407 1619 493 1652 quos
515 1619 636 1642 usuras
659 1610 704 1643 ab
727 1611 778 1644 eis
809 1611 1006 1645 constiterit
1036 1615 1220 1648 extorsisse

378 1664 392 1680 “
409 1663 454 1695 ad
476 1664 723 1697 restitutionem
754 1675 873 1698 eorum
904 1666 983 1708 pari
1005 1667 1221 1701 animaduer-

377 1716 504 1749 “sione
538 1718 720 1762 cogendis.
766 1719 892 1752 Iudeos
915 1730 998 1753 uero
1026 1721 1072 1754 ad
1099 1722 1221 1755 remic-

375 1769 390 1786 “
404 1771 547 1803 tendum
570 1771 639 1804 illis
669 1782 791 1805 usuras
812 1783 877 1815 per
906 1774 1101 1807 secularem
1125 1786 1220 1808 com-

375 1823 390 1839 ¹‘
404 1824 565 1866 pellimus
587 1831 797 1868 potestatem
822 1832 858 1859 et
882 1827 996 1861 donec
1020 1828 1097 1861 illas
1118 1829 1221 1862 remi-

378 1877 509 1910 “serint
539 1878 590 1911 eis
623 1879 902 1913 Christianorum
941 1882 1219 1915 communionem

375 1930 389 1947 ‘⁴
403 1936 474 1964 tam
490 1931 525 1964 in
541 1932 778 1966 mercimoniis
794 1944 898 1978 quam
915 1934 992 1968 aliis
1007 1936 1220 1979 precipimus

377 1985 392 2002 ‘⁶
410 1985 590 2028 denegari.
613 1985 829 2020 Christianos
841 1987 980 2021 interim
993 1988 1052 2032 qui
1064 1989 1114 2022 eis
1127 2000 1221 2023 com—

378 2038 582 2071 “municare
620 2041 894 2083 presumpserint
916 2052 936 2073 a
959 2043 1219 2086 presumptione

378 2093 392 2108 “
406 2091 599 2124 huiusmodi
616 2104 680 2135 per
694 2094 886 2137 cen[sores]
905 2095 1072 2138 eo[sdem]
1097 2097 1220 2130 coher-

377 2146 391 2161 “
410 2145 541 2177 cendis.
587 2146 775 2180 Debitores
809 2154 926 2182 autem
958 2151 1221 2195 crucesignatos

377 2200 391 2215 “
405 2198 558 2240 ipsorum
582 2201 627 2232 ad
643 2211 685 2232 ea
700 2201 736 2233 in
754 2202 879 2245 quibus
894 2209 1065 2244 tenentur,
1090 2204 1219 2238 eisdem

377 2253 391 2268 “
405 2252 513 2284 usuris
551 2254 775 2293 cessantibus,
814 2257 952 2300 integre
984 2259 1221 2301 persoluenda

375 2305 390 2320 ‘⁶
404 2305 616 2348 precipimus
640 2318 703 2349 per
725 2319 844 2341 eorum
877 2311 1074 2346 ordinarios
1101 2313 1220 2346 debita

377 2360 392 2376 ‘⁶
406 2358 619 2392 districtione
635 2362 809 2404 compelli.
826 2364 973 2398 Clericis
989 2366 1092 2399 etiam
1108 2373 1221 2399 trans-

376 2412 515 2444 “fetare
540 2413 738 2447 uolentibus
762 2417 819 2459 qui
843 2419 901 2451 uel
925 2420 1152 2453 facultatibus
1168 2422 1219 2454 sic

377 2467 391 2482 “
405 2465 621 2505 habundant,
645 2470 741 2511 quod
764 2481 881 2503 secum
905 2473 1039 2514 possint
1061 2480 1095 2507 et
1109 2474 1219 2507 uelint

377 2518 539 2562 “aliquos
577 2521 709 2554 ducere
755 2522 951 2564 bellatores,
990 2527 1048 2559 uel
1085 2527 1219 2560 ratione

376 2572 548 2605 “scientie
582 2574 629 2606 ad
663 2575 731 2608 hoc
766 2579 946 2621 negotium
984 2581 1086 2613 utiles
1120 2581 1219 2614 uide-

376 2627 390 2642 “
403 2625 530 2657 buntur
546 2626 684 2670 integre
700 2631 953 2673 percipiendos
978 2633 1218 2667 benefitiorum

376 2680 390 2695 “
404 2678 555 2720 ipsorum
579 2689 768 2723 prouentus
784 2685 949 2726 quamdiu
964 2686 1001 2718 in
1017 2687 1218 2720 huiusmodi

375 2733 389 2748 “
402 2734 543 2775 negotio
567 2734 786 2777 laborabunt,
802 2749 844 2771 ac
860 2739 939 2772 illos
955 2741 1057 2773 etiam
1075 2747 1218 2784 propter

376 2786 390 2802 “
403 2785 472 2818 hoc
495 2797 603 2831 usque
625 2790 671 2822 ad
687 2790 873 2824 triennium
898 2792 1115 2837 obligandos,
1132 2794 1218 2828 obli-

461 2920 548 2954 16-17.
569 2931 612 2955 ap.
631 2932 668 2949 re.
696 2926 760 2950 Cod.
786 2935 799 2951 e
819 2927 916 2953 GAun.
934 2941 968 2946 --
990 2929 1078 2962 18-19.
1103 2930 1217 2963 profici-

371 2965 526 2991 scientibus
546 2966 640 2994 GAun.
662 2983 694 2991 ψ-
714 2977 756 3005 34.
777 2979 838 2997 cen.
857 2980 899 2998 eo.
920 2974 983 2999 Cod.
1004 2983 1017 2998 e
1036 2973 1133 3000 GAvn.

1287 813 1326 845 10

1288 1081 1324 1113 15

1283 1350 1381 1381 20-

1283 1617 1323 1650 25

1283 1887 1325 1919 30

1282 2154 1322 2188 35

1283 2425 1323 2456 40

1281 2689 1321 2722 45
