2320 3444
117 220 168 258 [Α.
189 221 283 257 12241
896 218 1174 257 CHRONICA
1875 222 1946 257 113
1996 232 2072 258 uun„
2090 239 2110 256 e.
2127 240 2166 260 997

107 346 310 380 iustitiarius
332 349 377 381 de
398 349 562 382 mandato
585 350 755 393 imperiali
785 356 954 394 quotquot

50 427 54 438 ,.
106 401 220 443 potuit
240 400 452 436 Celanenses
473 403 601 446 ubique
627 414 691 447 per
713 404 875 449 Regnum
897 417 952 438 re-

54 451 65 490 s
105 455 248 488 uocauit
269 455 444 498 dispersos
466 463 501 489 et
523 458 750 502 congregauit
780 458 815 490 in
836 469 952 498 unum,

106 517 235 551 eosque
259 509 354 551 cepit
376 519 454 542 cum
469 511 635 544 uxoribus
650 517 686 544 et
699 512 777 545 filiis
793 518 828 545 et
846 512 881 544 in
897 511 951 544 Si-

61 573 67 590 s
105 560 219 593 ciliam
242 562 428 595 destinauit
450 574 567 596 mense
589 564 675 597 Maii
690 564 710 598 ¹.

193 614 280 647 Item
305 616 429 648 eodem
452 627 570 649 mense
593 618 834 660 inquisitiones
864 619 950 652 fiunt

105 667 140 700 in
162 667 294 702 Sancto
319 670 495 703 Germano
519 670 564 703 de
596 671 754 705 collectis
785 677 820 704 et
849 671 949 712 datis,

53 733 61 756 ς’
103 721 149 754 de
171 722 322 764 rupturis
337 722 528 762 domorum,
546 725 590 757 de
613 736 709 757 arma
723 725 948 768 portantibus,

46 790 58 807 η
104 774 150 807 de
173 774 370 809 ludentibus
393 777 438 809 ad
461 777 608 816 taxilles,
631 783 667 810 et
690 779 735 811 de
757 778 836 811 aliis
853 779 947 822 capi-

45 834 48 839 '
102 827 184 861 tulis
195 827 217 861 ¹.

55 878 57 880 ’
189 881 313 915 Mense
337 883 427 916 Iunii
448 884 484 917 in
498 884 589 917 festo
605 891 804 918 sanctorum
820 885 945 919 Iohan-

101 934 155 968 nis
177 941 212 968 et
234 935 358 969 Pauli⁸
379 937 595 975 summitates
624 946 744 970 euerse
774 944 854 971 sunt
884 949 944 971 no-

45 987 47 990 '
101 999 222 1022 uorum
245 1000 420 1023 murorum
443 989 564 1024 Sancti
596 992 774 1025 Germani.
819 993 944 1025 Mense

50 1062 53 1063 ν
101 1042 180 1076 Iulii
217 1043 377 1077 dominus
415 1045 608 1087 Imperator
644 1045 846 1088 generalem
881 1057 945 1088 per

100 1096 263 1140 Regnum
286 1097 426 1130 lieteras
448 1097 565 1142 dirigit
593 1098 631 1131 in
661 1098 754 1131 hunc
785 1099 943 1132 modum:

193 1151 208 1167 ‘⁴
219 1150 428 1184 Fredericus
439 1157 474 1184 et
485 1157 614 1190 cetera,
625 1152 796 1185 uniuersis
808 1153 942 1185 archie-

102 1202 118 1220 “
132 1203 293 1246 piscopis,
323 1205 506 1247 episcopis,
536 1206 678 1247 prelatis
707 1205 943 1246 ecclesiarum,

102 1257 118 1275 ‘⁶
133 1258 326 1296 comitibus,
338 1257 536 1296 baronibus,
547 1258 748 1298 iustitiariis,
761 1259 945 1299 iudicibus,

103 1311 255 1345 “baiulis
288 1317 324 1345 et
353 1312 522 1345 uniuersis
544 1323 609 1355 per
630 1312 793 1357 Regnum
824 1312 943 1346 Sicilie

103 1365 323 1399 “constitutis
354 1371 389 1398 et
419 1371 546 1398 cetera.
591 1365 668 1398 Deo
698 1365 850 1408 propitio
880 1377 944 1408 per

102 1420 232 1463 “quem
266 1418 413 1451 uiuimus
446 1424 481 1451 et
510 1429 704 1462 regnamus,
736 1419 793 1452 cui
823 1429 942 1453 omnes

46 1475 48 1478 ’
101 1471 116 1489 ‘⁶
129 1478 229 1506 actus
250 1478 384 1505 nostros
405 1471 595 1512 offerimus,
620 1473 677 1506 cui
694 1483 795 1506 omne
811 1473 939 1506 bonum

102 1526 224 1570 “quod
247 1526 380 1569 agimus
402 1526 619 1568 imputamus,
642 1527 679 1559 in
701 1526 863 1570 Regnum
879 1524 941 1560 no'-

102 1580 235 1612 “strum
267 1580 504 1614 desideramus
532 1581 659 1614 multos
688 1582 877 1624 prudentes
908 1588 942 1615 et

102 1633 296 1676 “prouidos
318 1635 394 1667 fieri
422 1645 486 1678 per
514 1635 750 1668 scientiarium
782 1635 939 1669 haustum

101 1687 164 1719 ‘et
184 1686 400 1720 seminarium
425 1688 668 1727 doctrinarum,
691 1689 750 1732 qui
774 1689 861 1722 facti
885 1688 939 1722 di-

100 1741 115 1758 ‘
127 1739 211 1774 serti
233 1751 297 1783 per
310 1741 470 1782 studium,
487 1747 522 1774 et
538 1741 841 1785 obserua[tionem]
857 1742 940 1775 iuris

45 1795 47 1799 ’
100 1793 219 1826 “iusto
242 1794 317 1827 Deo
339 1795 494 1827 semiant
517 1795 574 1828 cui
590 1794 749 1829 seruiunt
762 1796 887 1836 omnia,
904 1802 939 1828 et

46 1845 50 1848 ’
99 1847 115 1864 “
126 1847 228 1881 nobis
256 1848 420 1891 placeant
441 1859 506 1892 per
529 1849 658 1883 cultum
681 1849 818 1888 iustitie,
842 1849 939 1882 cuius

99 1901 114 1919 ‘⁵
126 1902 302 1945 preceptis
313 1903 527 1944 precipimus
540 1903 698 1936 omnibus
710 1903 864 1936 obedire.
877 1904 938 1936 Di-

98 1955 114 1972 “
125 1955 319 1998 sposuimus
331 1962 444 1988 autem
457 1957 550 1999 apud
563 1956 747 1999 Neapolim
757 1956 938 1989 amenissi-

96 2007 112 2024 “
125 2018 215 2040 mam
232 2009 408 2043 ciuitatem
431 2010 552 2042 doceri
577 2015 666 2043 artes
689 2016 724 2042 et
741 2010 936 2043 cuiuscum-

98 2063 113 2079 “
125 2071 193 2105 que
208 2063 424 2105 protexionis
446 2063 566 2106 uigere
583 2063 697 2096 studia
712 2070 750 2096 ut
762 2063 884 2095 ieiunii
902 2069 937 2095 et

45 2118 49 2124 ’
97 2115 279 2148 “famelici
303 2116 538 2148 doctrinarum
561 2117 596 2148 in
620 2117 694 2159 ipso
725 2117 853 2160 Regno
884 2117 936 2149 in-

94 2166 110 2184 “
123 2167 263 2200 ueniant
277 2167 369 2201 unde
384 2169 535 2211 ipsorum
553 2169 772 2202 auiditatibus
784 2170 937 2208 satisfiat,

46 2248 49 2249 ⁷
97 2221 112 2238 ‘⁶
124 2230 237 2264 neque
282 2222 534 2264 compellantur
580 2223 626 2256 ad
674 2223 936 2267 inuestigandas

35 2264 45 2286 ³
94 2273 285 2307 “scientias
307 2276 608 2319 peregrinationes
639 2282 802 2319 expetere
836 2283 870 2309 et
899 2278 935 2310 in

38 2363 39 2366 Ἰ
97 2326 246 2360 “alienis
268 2328 470 2370 regionibus
492 2330 704 2362 mendicare.
727 2330 860 2363 Bonum
876 2341 936 2363 au-

97 2381 193 2412 “tem
224 2379 290 2413 hoc
324 2382 374 2415 rei
403 2387 518 2414 nostre
546 2382 685 2425 publice
715 2383 934 2425 profuturum

40 2454 47 2474 Δς
93 2435 342 2477 ‘intendimus‚
375 2445 452 2477 cum
485 2435 718 2468 subiectorum
752 2438 936 2469 commoda

44 2563 47 2574 Ἴ,
178 2535 203 2561 8.
222 2537 340 2569 ruptura
359 2535 454 2560 Gaun.
469 2549 501 2553 -
515 2535 558 2560 28.
573 2537 641 2560 iusti
657 2535 751 2561 GAun.
767 2549 798 2554 —
812 2543 856 2569 3²·
869 2537 934 2562 doc-

43 2589 45 2592 ⁴
89 2580 147 2605 torl
168 2588 216 2605 non
235 2580 332 2605 doceri
353 2580 418 2605 Cod.
439 2594 471 2598 —-
491 2587 533 2613 33.
553 2579 678 2612 dirigere
691 2581 785 2606 invect
798 2582 829 2606 di
842 2582 935 2614 vigere

48 2626 51 2638 ²
93 2625 155 2650 Coa.
175 2638 208 2642 —
226 2631 269 2657 4ο.
288 2624 363 2657 quod
383 2633 431 2649 non
451 2632 512 2649 cum
535 2626 599 2650 Cod.
620 2633 633 2649 e
651 2623 747 2650 GAUD.

45 2827 48 2830 Α
177 2798 186 2814 ¹
204 2799 290 2824 Dalle
307 2799 361 2824 due
375 2800 523 2825 redazIOni
545 2800 713 2833 s'apprende
731 2800 782 2825 che
801 2802 845 2826 nel
866 2802 985 2834 magglo

44 2866 47 2869 .
91 2840 196 2866 surono
215 2841 359 2874 deportati
379 2850 394 2867 a
412 2842 502 2867 Malta
522 2843 641 2867 irlbelli
662 2843 739 2868 della
758 2846 858 2868 conten
877 2844 908 2868 dl
927 2844 980 2870 Ce-

61 2900 63 2903 .
89 2882 166 2908 lano.
178 2882 209 2909 Sl
222 2883 278 2916 pub
289 2885 391 2916 qulndl
405 2885 527 2910 ritenere
540 2885 723 2914 coll‘Amm.
739 2886 833 2911 Storr'a
847 2887 893 2911 dei
904 2888 978 2911 Mas-

87 2926 212 2956 snlnsam',
225 2927 284 2955 cit..
296 2926 344 2956 111,
356 2934 384 2959 p.
397 2926 457 2958 625,
471 2928 521 2952 che
535 2928 731 2960 l'irnperatore
743 2935 842 2954 avesse
851 2927 899 2962 gia
913 2930 967 2954 ban
976 2942 984 2948 -

85 2967 150 2992 nito
168 2968 204 2993 ds
222 2969 385 3000 quell'lsola
406 2971 413 2993 ί
437 2970 634 3000 Μυςειιῐηιιιηί,
653 2970 766 2995 avendo
786 2970 833 3003 gia
853 2972 979 3004 danneg-

53 3020 59 3026 ·
85 3010 166 3042 gluto
179 3010 275 3035 l’lsols
289 3011 362 3036 delle
375 3010 469 3037 Gerbe
480 3019 496 3036 e
511 3013 612 3037 fattovi
627 3020 699 3045 gran
715 3013 798 3045 copia
812 3013 841 3037 dl
857 3014 978 3039 schlavi.

220 3126 252 3151 T.
273 3126 332 3157 vn,
351 3135 377 3160 p.
397 3134 420 3152 11
439 3141 474 3145 —
492 3128 519 3153 8.

1013 831 1052 863 10

1010 1100 1048 1132 15

1005 1371 1048 1402 20

1003 1636 1044 1670 25

1000 1904 1043 1936 :30

1000 2170 1041 2202 35

1111 351 1266 386 Siciliam
1288 354 1402 392 mittit,
1425 363 1511 398 quos
1540 355 1634 397 apud
1662 353 1808 387 Maltam
1837 355 1956 399 dirigit

1111 406 1314 449 Imperator.

1198 461 1320 493 Mense
1343 461 1451 494 Madii
1477 462 1714 504 inquisitiones
1736 462 1820 495 fiunt
1844 463 1954 505 Impe—
1982 463 2193 512 ‘'‘ffilsssjgggeffg

1108 519 1220 545 ratore
1245 515 1443 553 mandante,
1467 515 1511 547 de
1535 515 1696 548 collectis
1720 521 1755 548 et
1768 515 1890 554 talleis,
1909 516 1952 548 de
2005 512 2028 536 ‘2‘
2042 519 2149 540 ‘⁰¹¹‘s‘fsv

1109 567 1261 608 rupturis
1295 567 1488 607 domorum,
1523 568 1568 600 de
1600 579 1695 601 arma
1725 569 1953 611 portantibus,

1109 620 1153 651 de
1177 620 1348 654 lusoribus
1370 621 1579 654 taxillorum.

1195 673 1315 706 Mense
1333 675 1419 707 Iunii
1432 677 1644 709 summitates
1655 687 1829 710 murorum
1843 678 1952 710 Sanc-

1107 725 1133 758 ti
1149 727 1314 760 Germani
1329 729 1466 761 nouiter
1481 736 1640 772 reparate
1656 732 1730 764 solo
1745 736 1951 765 sternuntur.

1211 780 1333 813 Mense
1350 781 1429 814 Iulii
1444 792 1507 824 pro
1524 783 1719 815 ordinando
1731 784 1845 816 studio
1858 784 1951 816 Nea-
1978 784 2189 836 Slffssjfgmljgssfffi

1105 832 1260 874 politano
1277 833 1468 876 Imperator
1482 835 1611 878 ubique
1624 847 1686 879 per
1698 837 1860 880 Regnum
1875 837 1949 869 mit-
2161 829 2165 833 ’

1107 887 1146 918 tit
1167 885 1287 919 literas
1309 888 1501 929 generales.

1191 938 1270 972 Hoc
1294 950 1385 972 anno
1407 941 1595 983 imperator
1616 942 1810 976 Minianum
1833 944 1867 976 in
1891 945 1950 976 de-

1104 991 1270 1024 manium'
1296 993 1428 1036 recipit.
2037 1018 2121 1038 c.17r

1191 1045 1284 1078 Muri
1307 1045 1428 1079 Sancti
1452 1047 1616 1080 Germani
1641 1050 1783 1082 obtenta
1798 1051 1950 1094 magistri
1978 1052 2188 1102 Mggjjlgfi'ssjt‘j

1103 1097 1198 1130 Petri
1221 1103 1257 1131 et
1279 1099 1434 1143 magistri
1458 1101 1623 1134 Roffredi
1648 1103 1691 1135 de
1707 1102 1835 1136 Sancto
1859 1104 1948 1137 Ger—
2001 1108 2043 1130 vs
2060 1094 2187 1131 mnam(

1103 1162 1217 1190 mano,
1233 1152 1424 1195 imperialis
1439 1154 1543 1187 Curie
1559 1155 1723 1194 iudicum,
1746 1157 1874 1201 integri
1897 1170 1949 1190 re-

1102 1211 1254 1244 manent,
1277 1206 1488 1248 Imperatore
1512 1209 1709 1241 mandante.

1190 1259 1384 1301 Imperator
1395 1260 1469 1302 ipse
1482 1271 1545 1303 pro
1558 1261 1772 1295 libertatibus
1784 1264 1949 1297 ecclesia—

1102 1323 1176 1344 rum
1189 1318 1224 1345 et
1238 1313 1456 1351 clericorum,
1472 1314 1656 1348 iustitiario
1672 1315 1783 1348 Terre
1799 1317 1948 1350 Laboris

1101 1376 1180 1398 suas
1209 1366 1341 1399 litteras
1370 1366 1483 1406 mittit,
1513 1368 1548 1400 in
1579 1369 1701 1410 quibus
1731 1371 1881 1408 mandat,
1912 1378 1950 1404 ut

1101 1419 1266 1452 ecclesias
1288 1430 1418 1458 omnes,
1443 1420 1601 1463 clericos,
1625 1422 1854 1463 obedientias,
1871 1435 1949 1467 pos-

1101 1472 1283 1514 sessiones,
1307 1478 1342 1506 et
1363 1473 1523 1505 homines
1547 1484 1663 1507 eorum
1695 1482 1816 1509 contra
1844 1477 1949 1511 liber-

1100 1531 1200 1565 tates,
1223 1537 1309 1569 quas
1331 1525 1526 1559 habuerant
1549 1528 1761 1570 temporibus
1777 1540 1894 1573 regum
1912 1533 1948 1564 in

1101 1580 1260 1613 collectis
1284 1586 1319 1614 et
1345 1581 1471 1619 talleis,
1503 1582 1594 1615 datis
1627 1589 1661 1615 et
1691 1583 1766 1615 aliis
1796 1584 1947 1626 publicis

1099 1633 1248 1666 seruitiis
1263 1634 1456 1667 ammisceri
1473 1646 1551 1667 cum
1567 1636 1644 1668 aliis
1656 1647 1724 1669 non
1738 1638 1946 1679 permittant,

1099 1693 1134 1721 et
1155 1687 1263 1720 nichil
1285 1697 1364 1720 cum
1387 1688 1496 1732 laycis
1518 1689 1730 1731 participent
1752 1691 1786 1722 in
1804 1691 1946 1731 eisdem,

1099 1740 1166 1773 nisi
1180 1740 1358 1783 probetur,
1374 1741 1470 1784 quod
1485 1747 1640 1784 tempore
1658 1743 1749 1786 regis
1766 1744 1945 1777 Guillelmi

1097 1795 1241 1827 secundi
1263 1804 1342 1827 cum
1365 1794 1418 1827 eis
1433 1794 1468 1827 in
1486 1795 1680 1828 huiusmodi
1696 1797 1844 1830 seruitiis
1861 1809 1944 1831 con-

1097 1847 1265 1880 tulissent.

1185 1901 1308 1934 Mense
1331 1900 1547 1943 Septembris
1569 1913 1632 1944 pro
1656 1903 1751 1936 facto
1784 1904 1943 1937 Sarrace-

1097 1964 1218 1986 norum
1241 1954 1362 1987 Sicilie
1385 1955 1590 1988 tantundem
1608 1957 1725 2000 colligi
1741 1959 1884 1991 mandat
1899 1958 1943 1991 de

1097 2014 1191 2041 terra
1216 2009 1414 2042 Casinensis
1440 2010 1587 2042 ecclesie
1613 2011 1812 2053 Imperator,
1836 2023 1944 2055 quan-

1097 2067 1164 2094 tum
1183 2062 1368 2095 collectum
1384 2063 1452 2095 fuit
1468 2063 1504 2096 in
1520 2074 1629 2107 prope
1645 2067 1811 2107 preterito
1824 2076 1941 2098 mense

1097 2116 1256 2150 Ianuarii.

1184 2169 1346 2204 Marchio
1362 2172 1612 2205 Montisferrati
1629 2183 1707 2206 cum
1724 2173 1845 2205 electis
1856 2183 1942 2205 non·
1970 2173 2178 2225 “¹53ss22'ssng

1095 2223 1198 2256 nullis
1237 2225 1404 2257 militibus
1443 2236 1529 2269 quos
1562 2227 1598 2258 in
1629 2227 1875 2259 Lombardiam
1905 2232 1940 2259 et
1987 2229 2177 2278 Jssffl‘fffffflffl·

1094 2276 1258 2310 Tusciam
1274 2279 1473 2318 retinuerat,
1490 2281 1587 2312 uenit
1602 2281 1843 2318 Brundusium,
1861 2290 1939 2323 pro-

1093 2330 1250 2364 fecturus
1271 2333 1307 2364 in
1330 2334 1536 2366 Romaniam
1559 2335 1594 2366 in
1625 2345 1822 2367 succursum
1854 2335 1940 2366 ciui-

1095 2385 1173 2416 tatis
1196 2385 1528 2425 Thessalonicensis,
1550 2399 1652 2430 quam
1669 2387 1870 2420 Commiano
1886 2394 1938 2420 te-

1093 2437 1198 2472 nebat
1222 2440 1414 2479 obsessam
1439 2447 1474 2474 et
1495 2442 1616 2474 relicta
1632 2448 1734 2486 gente
1750 2451 1811 2473 sua
1827 2441 1939 2472 Brun-

1183 2538 1223 2563 18.
1244 2539 1376 2564 libertate
1395 2540 1479 2569 Usu„
1500 2540 1563 2564 Dur.
1581 2539 1625 2564 RE
1639 2554 1671 2559 —
1692 2539 1732 2564 26.
1754 2540 1826 2564 nihil
1842 2539 1937 2564 Pau‘rz

1096 2596 1127 2601 —
1148 2590 1189 2615 33.
1209 2585 1340 2616 proxime
1358 2593 1407 2609 non
1427 2592 1531 2618 propre
1551 2586 1635 2615 Uen„
1654 2585 1715 2609 Dm⁴
1734 2583 1777 2609 Ra
1796 2598 1829 2602 ——-
1850 2591 1936 2616 33-34.

1094 2636 1187 2653 mense
1206 2629 1333 2654 Ianuarii
1346 2630 1486 2660 riporlano
1500 2632 1530 2654 al
1542 2639 1565 2654 r.
1578 2634 1705 2662 segueute
1718 2629 1803 2658 Uou„
1816 2629 1879 2652 Dal.
1894 2630 1937 2653 Rs

1095 2686 1125 2691 —-
1145 2673 1236 2707 36-37.
1256 2674 1430 2699 Lombardla
1450 2676 1478 2699 et
1498 2674 1600 2698 'ruscia
1623 2674 1707 2704 Uen„
1726 2674 1788 2698 Dm.
1806 2673 1850 2697 Rs:

1040 2803 1181 2836 L‘ipotesi
1203 2805 1227 2828 si
1247 2804 1304 2837 ριιὸ
1325 2805 1414 2828 anche
1435 2804 1584 2828 :recordare
1603 2804 1678 2827 colla
1705 2804 1812 2828 notizia
1840 2805 1933 2835 ripor-

1038 2848 1098 2871 tata
1118 2847 1197 2879 dagli
1221 2847 1340 2871 Annales
1361 2847 1454 2874 Siculi.
1475 2847 1523 2870 cit.
1916 2880 1918 2882 Ι

1127 2887 1138 2904 ²
1156 2888 1212 2913 Cio
1234 2889 1278 2913 val
1299 2891 1405 2921 quanto
1424 2897 1438 2912 a
1458 2889 1518 2912 dire
1537 2889 1587 2912 che
1609 2890 1636 2912 in
1660 2890 1735 2912 tutto
1756 2889 1776 2912 il
1798 2896 1884 2920 regno
1908 2889 1931 2912 si

1038 2931 1200 2963 procedette
1213 2932 1240 2955 al
1256 2932 1484 2955 rirndinamento
1504 2931 1757 2961 amrninistrativo,
1776 2938 1819 2955 mn
1839 2931 1931 2955 anche

1039 2972 1287 3004 all'appllcazione
1305 2973 1379 2996 delle
1400 2973 1496 2996 Assise
1516 2972 1581 2996 date
1595 2980 1609 2996 a
1624 2972 1721 3003 Capua
1735 2980 1749 2995 c
1764 2980 1777 2995 n
1795 2972 1931 2997 Messius.
1964 2980 1993 3004 ¹5

1128 3013 1138 3028 ³
1159 3021 1192 3046 29
1213 3014 1253 3038 Vl
1276 3021 1351 3046 ¹224·
