2320 3444
232 1885 251 1900 c.
267 1885 305 1903 109
313 1885 327 1899 v

417 379 503 410 “rex
530 377 680 410 Castelle
704 382 738 408 et
761 375 902 408 Toleti¹
928 386 1006 408 cum
1035 374 1154 407 osculo
1178 385 1249 406 ma-

415 432 430 449 “
444 442 546 463 nuum
569 437 671 472 atque
706 428 831 471 pedum
866 428 1022 461 salutem.
1068 427 1101 460 A
1135 434 1250 460 uestre

415 483 626 516 “sanctitatis
637 482 800 514 memoria
813 482 984 514 excidisse
998 491 1066 513 non
1080 480 1251 513 credimus

415 540 430 556 ‘⁴
443 537 656 579 propositum
680 535 906 578 impugnandi
931 534 1124 566 Sarracene
1140 534 1251 577 gentis

413 590 427 607 ‘⁴
443 589 621 632 perfidiam
646 588 745 620 uobis
767 598 831 630 per
854 593 990 620 nostros
1012 587 1173 619 nunctios
1189 587 1250 619 de-

414 645 427 660 “
443 649 521 675 uote
545 652 586 674 ac
609 641 792 679 humiliter,
814 641 1000 678 intimasse,
1031 641 1068 672 in
1091 639 1251 673 omnibus

413 697 427 713 ‘⁴
442 702 612 738 tamquam
636 695 743 737 patris
765 701 798 726 et
821 694 950 726 domini
974 699 1126 726 uestrum
1142 693 1250 726 subsi-

413 749 427 766 “
443 749 534 781 dium
558 753 794 790 expectantes,
819 747 912 790 quod
935 747 1024 779 sicut
1041 758 1062 779 a
1078 753 1176 788 patre
1191 746 1249 788 pio

414 805 428 820 ‘⁶
442 812 503 834 nos
526 801 790 845 recognouimus
813 801 963 844 benigne
987 806 1023 833 et
1044 801 1102 843 pie
1120 801 1250 842 pariter

414 855 651 897 “impetrasse
700 853 780 892 Quo
804 854 899 886 circa
922 864 1000 886 cum
1030 853 1160 886 licteris
1189 864 1248 886 ue-

414 907 543 940 “stris²
568 907 703 940 nuntios
725 913 870 945 nostros,
895 917 981 950 quos
1003 908 1048 939 ad
1072 907 1139 939 hoc
1168 917 1248 938 exe-

413 963 427 978 “
441 961 614 1004 quendum
628 961 786 1004 ydoneos
801 961 1055 1003 deputauimuS‚
1072 961 1116 992 ad
1131 965 1249 1002 partes

413 1014 588 1047 “Francie
613 1024 680 1046 non
705 1014 899 1046 distulimus
916 1013 1101 1053 destinare,
1118 1014 1249 1046 adden-

412 1069 427 1085 “
440 1073 491 1099 tes
506 1068 609 1099 etiam
624 1073 662 1099 ut
679 1067 838 1099 omnibus
853 1066 1018 1099 militibus
1031 1066 1249 1099 uenientibus

409 1120 424 1137 “
440 1121 484 1152 ad
507 1120 634 1152 bellum
659 1127 695 1153 et
717 1120 957 1157 seruientibus,
973 1126 1075 1162 prout
1093 1119 1248 1159 deceret,

412 1175 608 1215 “expensas
644 1174 753 1206 uictui
788 1173 999 1206 necessarias
1034 1173 1248 1216 largiremur,

412 1229 426 1245 “
444 1227 568 1269 quibus
610 1227 784 1269 posse[n]t‚
832 1227 1011 1260 commode
1052 1227 1246 1259 sustentari.

412 1279 543 1312 “Unde
568 1280 632 1312 fuit
655 1285 703 1318 ut,
727 1280 845 1312 audita
867 1280 1069 1311 remissione
1085 1287 1247 1323 peccato·

410 1333 425 1349 ⁸
440 1344 514 1364 rum
547 1344 647 1376 quam
686 1343 748 1366 uos
786 1334 1005 1366 uenientibus
1042 1333 1246 1372 indulxisfis,

412 1387 536 1419 “uenit
557 1397 683 1430 magna
705 1386 910 1429 [multitudo]
934 1387 1076 1419 militum
1100 1389 1144 1420 de
1168 1398 1247 1430 par-

412 1440 531 1472 “tibus
552 1440 832 1478 ultramontanis;
856 1451 921 1472 nec
947 1451 1016 1473 non
1047 1447 1082 1473 et
1112 1441 1247 1473 archie-

412 1492 575 1535 “piscopi
598 1493 833 1526 Narbonensis
858 1499 892 1526 et
919 1493 1188 1536 Burdegalensis
1210 1500 1245 1526 et

410 1546 425 1562 “
439 1546 622 1589 episcopus
638 1546 870 1579 Nanectensis
882 1549 904 1580 ³.
941 1548 1098 1580 Fuerunt
1113 1548 1172 1591 qui
1187 1558 1246 1580 ue-

411 1599 425 1615 “
439 1606 565 1632 nerunt
587 1611 693 1643 usque
717 1601 762 1633 ad
785 1602 855 1633 duo
880 1601 974 1633 milia
998 1601 1145 1634 militum
1169 1611 1247 1633 cum

412 1653 616 1696 “armigeris
638 1654 709 1685 suis
730 1659 764 1686 et
787 1665 896 1697 usque
927 1655 973 1687 ad
1003 1655 1127 1687 decem
1150 1654 1247 1687 milia

412 1708 426 1724 ‘⁴
439 1706 658 1739 seruientium
682 1707 717 1739 in
741 1708 848 1750 equis,
865 1713 900 1741 et
916 1719 1024 1752 usque
1039 1709 1086 1741 ad
1103 1719 1126 1741 1.
1141 1708 1245 1750 milia,

412 1759 515 1791 “sine
537 1761 646 1802 equis,
670 1760 793 1803 quibus
815 1761 972 1794 omnibus
1002 1772 1065 1794 nos
1097 1762 1248 1805 oportuit

410 1813 424 1829 ‘⁴
438 1812 473 1845 in
495 1813 701 1846 uictualibus
715 1814 914 1856 prouidere.
946 1814 1127 1848 Uenerunt
1142 1815 1246 1848 etiam

411 1866 587 1899 “illustres
610 1867 711 1899 amici
735 1866 851 1900 nostri'
868 1874 902 1901 et
917 1869 1165 1912 consanguinei
1182 1880 1245 1901 rex

411 1922 426 1937 ⁸
438 1919 640 1963 Aragonum
662 1927 697 1953 et
719 1931 780 1953 rex
803 1922 959 1954 Nauarre
974 1922 986 1938 ⁴
1017 1933 1096 1954 cum
1123 1927 1246 1964 poten-

409 1973 509 2005 “tatu
541 1984 601 2005 suo
631 1974 668 2005 in
699 1974 779 2006 fidei
811 1975 983 2008 catholice
1015 1975 1182 2007 auxilium
1213 1981 1248 2007 et

411 2027 615 2064 “iuuamem
648 2027 772 2069 quibus
803 2028 985 2061 nobiscum
1016 2030 1112 2071 apud
1141 2029 1245 2061 Tole-

409 2079 508 2111 “tum
522 2078 532 2095 ⁵
555 2080 731 2123 aliquanto
754 2086 912 2123 tempore
936 2081 1146 2114 facientibus
1175 2092 1247 2115 mo-

411 2133 426 2149 “
440 2143 512 2164 ram
536 2133 802 2175 expectabamus
825 2145 948 2177 nempe
972 2135 1097 2168 milites
1112 2141 1247 2168 nostros

411 2186 425 2202 “
440 2185 497 2227 qui
520 2186 657 2218 uenturi
681 2193 779 2219 erant
802 2188 847 2219 ad
870 2187 1011 2227 bellum,
1042 2189 1156 2221 omnia
1187 2199 1246 2220 ne-

411 2239 598 2276 “cessaria‚
622 2246 723 2281 prout
747 2241 797 2272 eis
819 2242 1048 2283 promisimus,
1074 2242 1246 2274 ministra-

411 2291 558 2331 “uimus,
581 2292 666 2325 licet
692 2304 841 2335 expense
874 2302 988 2327 essent
1018 2301 1164 2337 propter
1193 2295 1246 2327 sui

410 2345 425 2360 “
437 2345 708 2387 magnitudinem
722 2346 821 2378 nobis
837 2353 870 2379 et
886 2358 993 2390 regno
1010 2354 1128 2380 nostro
1141 2348 1244 2380 ualde

410 2397 672 2439 “importabiles
709 2405 814 2443 atque
852 2410 988 2443 graues.
1038 2401 1119 2434 Non
1154 2401 1244 2434 enim

495 2540 516 2557 1.
536 2532 620 2557 ascl'o
645 2534 707 2557 Cod.
732 2547 766 2551 —-
792 2540 832 2559 22.
858 2534 1094 2567 Eburdegalensis
1122 2537 1185 2560 Cod.
1212 2549 1243 2554 —

406 2582 447 2608 23.
467 2577 650 2601 Nauectensis
672 2578 736 2602 Cod.
756 2592 787 2596 —
808 2577 850 2611 36.
869 2580 910 2604 eis
929 2588 1022 2605 manca
1041 2578 1140 2606 GAun.

494 2692 501 2708 ¹
522 2693 647 2718 Alfonso
669 2694 741 2726 VIII,
763 2695 781 2719 s.
801 2694 831 2719 dl
856 2694 962 2720 Sancio
987 2696 1035 2728 111,
1063 2696 1084 2720 il
1110 2697 1211 2722 Nobile
1233 2704 1249 2722 e
1274 2697 1297 2722 il

407 2734 514 2763 Buono,
534 2743 562 2759 re
581 2735 610 2759 di
631 2735 774 2768 Castlglia
792 2744 807 2761 e
826 2736 945 2767 Toledo,
965 2744 1007 2769 31,
1032 2738 1108 2769 VIII,
1136 2739 1212 2772 1158,
1231 2739 1248 2771 †
1274 2747 1298 2773 5,

406 2776 479 2805 VIII,
502 2783 576 2809 1²¹4·

492 2817 503 2835 ²
523 2820 561 2844 La
580 2820 680 2845 lettera
700 2821 861 2852 pontificia,
881 2823 925 2846 cui
947 2822 1042 2846 allude
1061 2823 1083 2847 il
1103 2830 1131 2848 re
1150 2824 1181 2848 dl
1199 2823 1297 2849 Casti-

406 2861 474 2891 gHa,
492 2859 507 2885 ὲ
526 2862 570 2886 del
590 2870 615 2894 4,
634 2862 667 2891 ΙΙ,
690 2869 764 2887 1212.
802 2864 833 2887 In
853 2871 914 2888 essa
934 2865 955 2888 il
981 2872 1054 2897 papa
1079 2866 1108 2889 lo
1134 2868 1297 2891 assicurava

408 2902 437 2926 di
457 2910 536 2927 avere
555 2906 732 2930 annunziato
745 2905 804 2937 agli
818 2907 991 2931 arcivescovl
1007 2914 1021 2931 e
1032 2909 1145 2932 vescovi
1161 2908 1191 2932 dl
1210 2909 1297 2933 Fran-

406 2945 452 2968 cia
471 2953 485 2969 e
503 2945 648 2970 Provenza
668 2946 805 2980 l‘obbligo
823 2948 874 2972 che
887 2950 941 2973 essi
957 2956 1085 2974 avevano
1099 2949 1251 2975 d’alutarlo
1264 2951 1295 2975 in

351 2993 383 3010 xo
409 2985 478 3009 tutti
499 2987 506 3009 i
526 2987 604 3010 modi
620 2988 695 3012 nella
714 2995 821 3020 guerra,
841 2990 893 3014 che
918 2990 976 3021 egli
1000 2993 1101 3015 contro
1126 2991 1137 3015 l
1162 2992 1295 3016 Saraceni

409 3033 497 3051 aveva
517 3028 629 3053 indetto
649 3036 698 3062 per
716 3030 744 3054 la
771 3031 865 3055 futura
891 3033 988 3056 ottava
1014 3033 1089 3057 della
1113 3033 1294 3063 Pentecoste;

879 244 1157 280 RYCCARDI
1184 245 1253 279 DE
1282 242 1494 278 SANCTO
1523 241 1794 278 GERMANO

1315 853 1352 884 10

1315 1117 1350 1150 15

1310 1388 1352 1418 20

1310 1654 1350 1686 25

1310 1923 1353 1954 3Ο

1311 2188 1351 2221 35

1351 2788 1365 2805 e
1385 2781 1412 2805 di
1433 2782 1541 2806 Nautes
1561 2782 1636 2807 nella
1654 2782 1742 2806 Loira
1763 2782 1910 2807 inferiore.
1945 2782 1984 2807 La
2005 2782 2098 2807 forma
2117 2783 2242 2808 curretis
2286 2797 2302 2820 ¹.

1351 2824 1464 2848 sarebbe
1485 2823 1498 2836 ⁸
1510 2824 1702 2850 Nannetensis
1713 2843 1738 2858 η,
1757 2832 1802 2849 ma
1821 2824 1855 2849 R.
1881 2824 1934 2849 due
1960 2825 2039 2849 volte
2058 2832 2108 2850 usa
2133 2825 2161 2850 ln
2185 2832 2242 2850 me-
2280 2835 2301 2858 ς]

1351 2865 1458 2890 desima
1478 2866 1602 2891 dizIone.

1351 2949 1523 2983 d’Aragona,
1547 2951 1655 2982 25‚1V‚
1678 2951 1754 2984 1196,
1773 2951 1790 2983 †
1811 2959 1851 2984 13,
1877 2951 1924 2981 IX.
1953 2958 2032 2984 1213:
2059 2951 2165 2977 Sancto
2189 2950 2242 2983 vn
2282 2975 2284 2979 ,

1351 2993 1370 3016 il
1391 2993 1472 3022 sorte,
1492 3001 1521 3018 re
1539 2994 1569 3018 di
1588 2994 1727 3026 Navarra,
1747 3000 1789 3027 27,
1808 2994 1855 3025 VI,
1879 3001 1954 3027 1194,
1975 2993 1992 3025 †
2019 3000 2059 3026 17,
2086 2993 2134 3023 IV,
2162 2999 2240 3027 ¹²34·
2278 3006 2300 3035 “v

1352 2698 1441 2728 Epist.
1464 2698 1617 2726 Innocentii.
1637 2698 1687 2722 llb.
1707 2698 1781 2728 XIV,
1800 2705 1827 2722 n.
1850 2704 1910 2730 154;
1930 2698 2096 2730 Por-ranst,
2117 2705 2144 2723 11.
2162 2702 2242 2732 4375.
2286 2680 2302 2728 l}

2093 244 2146 281 [A.
2163 245 2252 280 1212]

1496 373 1619 405 Mense
1663 372 1776 406 Madii
1813 372 2021 411 Adenulfus,
2054 371 2320 422 Cannensium

1409 426 1552 465 electus,
1583 436 1689 459 rocce
1720 425 1849 459 Bantre
1880 426 2066 459 occasione
2095 419 2320 471 mandam&

1408 479 1506 523 regii,
1530 479 1586 512 cui
1603 490 1726 522 parere
1749 479 1858 512 noluit
1880 479 2097 518 castellanus,
2112 484 2203 512 artat
2217 451 2320 531 ετξ

1409 532 1558 571 obsidet;
1584 538 1635 565 set
1657 531 1749 565 cum'
1779 543 1918 566 roccam
1949 533 2059 576 ipsam
2089 532 2320 575 optinet-emi}

1408 597 1478 619 non
1501 592 1629 629 posset,
1653 586 1736 619 data
1759 586 1909 630 quadam
1932 592 2036 629 nepte
2059 596 2120 619 sua
2141 586 2176 618 in
2193 595 2252 618 co-

1408 639 1546 683 niugem
1571 639 1640 672 filio
1664 639 1773 681 ipsius
1789 640 1968 672 castellani
1986 649 2062 672 cum
2080 645 2176 673 certa
2190 648 2252 682 pe-

1408 692 1509 724 cunie
1533 693 1737 735 quantitate,
1752 692 1973 735 recuperauit
1987 702 2124 726 roccam
2139 693 2251 736 ipsam

1407 745 1616 778 monasterio
1638 746 1829 778 Casinensi.

1493 798 1716 832 Innocentius
1746 810 1838 842 papa
1868 809 1933 842 per
1963 799 2144 843 generales
2164 809 2251 843 quas

1405 851 1450 883 ad
1480 852 1573 884 orbis
1604 852 1757 895 prelatos
1789 853 1911 896 dirigit
1939 853 2070 886 litteras
2093 858 2248 886 sanctam

1406 906 1576 949 synodum
1608 906 1653 939 ad
1680 905 1811 939 Urbem
1842 912 1956 940 uocat.
2002 906 2126 940 Mense
2158 905 2251 939 Iunii

1407 959 1545 1001 [autem]
1569 958 1742 1004 Signiam3
1760 960 1818 992 ubi
1836 965 1979 1002 propter
1994 965 2173 1004 urgentem
2187 969 2248 993 ne-

1407 1014 1599 1046 cessitatem
1612 1012 1741 1046 dictum
1754 1013 2002 1056 Adenulphum
2013 1014 2250 1053 Casei-tanum,
2310 1050 2313 1051 ⁷

1405 1066 1627 1099 Casinensem
1652 1067 1812 1105 electum,
1836 1068 1872 1099 in
1896 1067 2120 1100 Casinensem
2144 1065 2250 1100 abba·
2303 1073 2310 1103 j

1405 1126 1475 1152 tem
1491 1121 1675 1162 promouit.
1712 1120 1917 1153 Fredericus
1932 1131 1994 1153 rex
2009 1120 2137 1154 auxilio
2152 1119 2250 1164 prin-

1405 1173 1523 1215 cipum
1545 1179 1651 1207 totam
1667 1173 1873 1206 Alemannie
1891 1174 2070 1216 planitiem
2086 1173 2248 1217 optinuit,

1406 1227 1487 1259 solis
1501 1227 1566 1269 ipsi
1583 1227 1704 1260 Ottoni
1720 1227 1966 1260 munitionibus
1980 1226 2248 1261 remanentibus.

1494 1279 1572 1313 Hoc
1595 1291 1686 1313 anno
1710 1281 1820 1313 fames
1843 1281 1880 1313 in
1895 1281 2025 1323 Apulia
2047 1286 2172 1314 exorta
2184 1286 2247 1315 est.

1438 2738 1449 2755 ³
1461 2740 1584 2764 Vescovi
1600 2741 1628 2764 di
1644 2741 1800 2764 Narbonne
1812 2740 1856 2771 (in
1870 2740 2036 2772 Provenza),
2051 2741 2081 2765 di
2094 2741 2243 2766 Bordeaux
2295 2768 2297 2772 ,

1437 2906 1448 2922 ⁴
1467 2908 1564 2933 Pietro
1584 2909 1609 2933 II
1627 2908 1755 2942 (signore
1775 2909 1803 2934 dl
1830 2908 2016 2942 Montpellier
2038 2909 2084 2934 dal
2106 2909 2194 2943 1204),
2213 2916 2242 2934 re
2288 2888 2298 2923 ᾗ

1436 3033 1447 3050 ⁵
1466 3036 1586 3066 Toledo,
1605 3037 1730 3069 capitale
1748 3036 1823 3061 della
1843 3037 2000 3069 Castiglia;
2020 3037 2056 3061 cf.
2077 3044 2104 3061 n.
2126 3043 2149 3063 1·
