<?xml version="1.0" encoding="UTF-8"?>
<!DOCTYPE html PUBLIC "-//W3C//DTD XHTML 1.0 Transitional//EN"
    "http://www.w3.org/TR/xhtml1/DTD/xhtml1-transitional.dtd">
<html xmlns="http://www.w3.org/1999/xhtml" xml:lang="en" lang="en">
 <head>
  <title>
</title>
<meta http-equiv="Content-Type" content="text/html;charset=utf-8" />
  <meta name='ocr-system' content='tesseract 3.04.00' />
  <meta name='ocr-capabilities' content='ocr_page ocr_carea ocr_par ocr_line ocrx_word'/>
</head>
<body>
  <div class='ocr_page' id='page_1' title='image "./rerumitalicarums72murauoft_0230.png"; bbox 0 0 2320 3444; ppageno 0'>
   <div class='ocr_carea' id='block_1_1' title="bbox 98 226 2172 270">
    <p class='ocr_par' dir='ltr' id='par_1_1' title="bbox 98 226 2172 270">
     <span class='ocr_line' id='line_1_1' title="bbox 98 226 2172 270; baseline 0.002 -14"><span class='ocrx_word' id='word_1_1' title='bbox 98 235 172 261; x_wconf 50' lang='lat' dir='ltr'><strong>Mus,</strong></span> <span class='ocrx_word' id='word_1_2' title='bbox 189 240 308 263; x_wconf 81' lang='lat' dir='ltr'><strong>ce.1007-8</strong></span> <span class='ocrx_word' id='word_1_3' title='bbox 342 229 410 264; x_wconf 82' lang='lat'><strong>154</strong></span> <span class='ocrx_word' id='word_1_4' title='bbox 796 228 1070 265; x_wconf 88' lang='lat' dir='ltr'>RYCCARDI</span> <span class='ocrx_word' id='word_1_5' title='bbox 1100 228 1169 262; x_wconf 91' lang='lat' dir='ltr'><strong>DE</strong></span> <span class='ocrx_word' id='word_1_6' title='bbox 1197 227 1408 263; x_wconf 88' lang='lat' dir='ltr'>SANCTO</span> <span class='ocrx_word' id='word_1_7' title='bbox 1438 226 1707 263; x_wconf 91' lang='lat' dir='ltr'><strong>GERMANO</strong></span> <span class='ocrx_word' id='word_1_8' title='bbox 2004 232 2056 270; x_wconf 79' lang='grc' dir='ltr'><strong>[Α.</strong></span> <span class='ocrx_word' id='word_1_9' title='bbox 2078 233 2172 270; x_wconf 80' lang='lat'>1229]</span> 
     </span>
    </p>
   </div>
   <div class='ocr_carea' id='block_1_2' title="bbox 94 410 304 457">
    <p class='ocr_par' dir='ltr' id='par_1_2' title="bbox 94 410 304 457">
     <span class='ocr_line' id='line_1_2' title="bbox 94 410 304 456; baseline 0 -26"><span class='ocrx_word' id='word_1_10' title='bbox 94 410 174 456; x_wconf 46' lang='lat' dir='ltr'><strong>Cala-tio</strong></span> <span class='ocrx_word' id='word_1_11' title='bbox 185 411 304 431; x_wconf 72' lang='lat' dir='ltr'><strong>Pedemon-</strong></span> 
     </span>
     <span class='ocr_line' id='line_1_3' title="bbox 130 443 156 457; baseline 0.038 -1"><span class='ocrx_word' id='word_1_12' title='bbox 130 443 156 457; x_wconf 72' lang='lat' dir='ltr'><strong>ts.</strong></span> 
     </span>
    </p>
   </div>
   <div class='ocr_carea' id='block_1_3' title="bbox 88 1960 303 2065">
    <p class='ocr_par' dir='ltr' id='par_1_3' title="bbox 88 1960 303 2065">
     <span class='ocr_line' id='line_1_4' title="bbox 88 1960 302 1984; baseline 0.005 -6"><span class='ocrx_word' id='word_1_13' title='bbox 88 1960 172 1984; x_wconf 77' lang='lat' dir='ltr'><strong>Pugna</strong></span> <span class='ocrx_word' id='word_1_14' title='bbox 187 1960 209 1979; x_wconf 75' lang='lat' dir='ltr'><strong>in</strong></span> <span class='ocrx_word' id='word_1_15' title='bbox 229 1962 302 1979; x_wconf 84' lang='lat' dir='ltr'><strong>monte</strong></span> 
     </span>
     <span class='ocr_line' id='line_1_5' title="bbox 114 1987 303 2006; baseline 0.005 -1"><span class='ocrx_word' id='word_1_16' title='bbox 114 1987 232 2006; x_wconf 74' lang='lat' dir='ltr'><strong>commissa</strong></span> <span class='ocrx_word' id='word_1_17' title='bbox 242 1987 303 2006; x_wconf 77' lang='lat' dir='ltr'><strong>iuter</strong></span> 
     </span>
     <span class='ocr_line' id='line_1_6' title="bbox 114 2014 293 2034; baseline 0.006 -1"><span class='ocrx_word' id='word_1_18' title='bbox 114 2014 293 2034; x_wconf 67' lang='lat' dir='ltr'><strong>lustitiariatum</strong></span> 
     </span>
     <span class='ocr_line' id='line_1_7' title="bbox 113 2041 280 2065; baseline 0 -5"><span class='ocrx_word' id='word_1_19' title='bbox 113 2043 135 2060; x_wconf 77' lang='lat' dir='ltr'><strong>et</strong></span> <span class='ocrx_word' id='word_1_20' title='bbox 150 2041 280 2065; x_wconf 73' lang='lat' dir='ltr'><strong>Campanos.</strong></span> 
     </span>
    </p>
   </div>
   <div class='ocr_carea' id='block_1_4' title="bbox 264 2895 295 2912">
    <p class='ocr_par' dir='ltr' id='par_1_4' title="bbox 264 2895 295 2912">
     <span class='ocr_line' id='line_1_8' title="bbox 264 2895 295 2912; baseline 0.032 -1"><span class='ocrx_word' id='word_1_21' title='bbox 264 2895 295 2912; x_wconf 83' lang='lat'><strong>10</strong></span> 
     </span>
    </p>
   </div>
   <div class='ocr_carea' id='block_1_5' title="bbox 322 357 2299 2380">
    <p class='ocr_par' dir='ltr' id='par_1_5' title="bbox 322 357 2299 2380">
     <span class='ocr_line' id='line_1_9' title="bbox 331 357 2165 402; baseline 0.001 -11"><span class='ocrx_word' id='word_1_22' title='bbox 331 360 485 392; x_wconf 88' lang='lat' dir='ltr'><strong>termissa</strong></span> <span class='ocrx_word' id='word_1_23' title='bbox 508 361 652 393; x_wconf 89' lang='lat' dir='ltr'><strong>ciuitate</strong></span> <span class='ocrx_word' id='word_1_24' title='bbox 678 359 820 402; x_wconf 85' lang='lat' dir='ltr'><strong>Aquini,</strong></span> <span class='ocrx_word' id='word_1_25' title='bbox 843 370 921 391; x_wconf 91' lang='lat' dir='ltr'><strong>cum</strong></span> <span class='ocrx_word' id='word_1_26' title='bbox 945 358 1112 400; x_wconf 82' lang='lat' dir='ltr'><strong>predictis</strong></span> <span class='ocrx_word' id='word_1_27' title='bbox 1143 359 1292 391; x_wconf 79' lang='lat' dir='ltr'>exclusis</span> <span class='ocrx_word' id='word_1_28' title='bbox 1319 357 1505 391; x_wconf 81' lang='lat' dir='ltr'><strong>comitibus</strong></span> <span class='ocrx_word' id='word_1_29' title='bbox 1528 363 1654 391; x_wconf 86' lang='lat' dir='ltr'><strong>terram</strong></span> <span class='ocrx_word' id='word_1_30' title='bbox 1685 358 1789 391; x_wconf 86' lang='lat' dir='ltr'><strong>intrat</strong></span> <span class='ocrx_word' id='word_1_31' title='bbox 1819 357 1941 392; x_wconf 85' lang='lat' dir='ltr'>Sancti</span> <span class='ocrx_word' id='word_1_32' title='bbox 1964 360 2165 398; x_wconf 86' lang='lat' dir='ltr'><strong>Benedicti;</strong></span> 
     </span>
     <span class='ocr_line' id='line_1_10' title="bbox 328 411 2169 455; baseline 0.001 -10"><span class='ocrx_word' id='word_1_33' title='bbox 328 414 386 455; x_wconf 90' lang='lat' dir='ltr'><strong>qui</strong></span> <span class='ocrx_word' id='word_1_34' title='bbox 410 419 559 445; x_wconf 79' lang='lat' dir='ltr'>castrum</span> <span class='ocrx_word' id='word_1_35' title='bbox 593 413 814 445; x_wconf 83' lang='lat' dir='ltr'><strong>Pedemontis</strong></span> <span class='ocrx_word' id='word_1_36' title='bbox 845 422 910 454; x_wconf 85' lang='lat' dir='ltr'><strong>per</strong></span> <span class='ocrx_word' id='word_1_37' title='bbox 940 412 1010 443; x_wconf 87' lang='lat' dir='ltr'><strong>uim</strong></span> <span class='ocrx_word' id='word_1_38' title='bbox 1035 412 1225 454; x_wconf 84' lang='lat' dir='ltr'><strong>capientes,</strong></span> <span class='ocrx_word' id='word_1_39' title='bbox 1251 412 1331 445; x_wconf 91' lang='lat' dir='ltr'><strong>licet</strong></span> <span class='ocrx_word' id='word_1_40' title='bbox 1362 412 1422 455; x_wconf 90' lang='lat' dir='ltr'><strong>qui</strong></span> <span class='ocrx_word' id='word_1_41' title='bbox 1447 418 1546 444; x_wconf 88' lang='lat' dir='ltr'><strong>erant</strong></span> <span class='ocrx_word' id='word_1_42' title='bbox 1568 411 1604 443; x_wconf 91' lang='lat' dir='ltr'><strong>in</strong></span> <span class='ocrx_word' id='word_1_43' title='bbox 1628 421 1681 449; x_wconf 93' lang='lat' dir='ltr'><strong>eo,</strong></span> <span class='ocrx_word' id='word_1_44' title='bbox 1705 421 1768 454; x_wconf 89' lang='lat' dir='ltr'><strong>pro</strong></span> <span class='ocrx_word' id='word_1_45' title='bbox 1791 411 1923 445; x_wconf 88' lang='lat' dir='ltr'><strong>uiribus</strong></span> <span class='ocrx_word' id='word_1_46' title='bbox 1953 413 2169 452; x_wconf 76' lang='lat' dir='ltr'><strong>restitissent,</strong></span> 
     </span>
     <span class='ocr_line' id='line_1_11' title="bbox 329 464 2172 509; baseline 0.001 -11"><span class='ocrx_word' id='word_1_47' title='bbox 329 467 558 509; x_wconf 85' lang='lat' dir='ltr'><strong>quadraginta</strong></span> <span class='ocrx_word' id='word_1_48' title='bbox 580 467 771 498; x_wconf 89' lang='lat' dir='ltr'><strong>seruientes</strong></span> <span class='ocrx_word' id='word_1_49' title='bbox 793 465 838 497; x_wconf 89' lang='lat' dir='ltr'><strong>ad</strong></span> <span class='ocrx_word' id='word_1_50' title='bbox 862 465 971 506; x_wconf 90' lang='lat' dir='ltr'><strong>ipsius</strong></span> <span class='ocrx_word' id='word_1_51' title='bbox 988 465 1092 497; x_wconf 81' lang='lat' dir='ltr'><strong>castri</strong></span> <span class='ocrx_word' id='word_1_52' title='bbox 1109 465 1300 498; x_wconf 84' lang='lat' dir='ltr'><strong>custodiam</strong></span> <span class='ocrx_word' id='word_1_53' title='bbox 1325 465 1548 508; x_wconf 86' lang='lat' dir='ltr'><strong>deputarunt.</strong></span> <span class='ocrx_word' id='word_1_54' title='bbox 1594 464 1651 496; x_wconf 88' lang='lat' dir='ltr'><strong>Hii</strong></span> <span class='ocrx_word' id='word_1_55' title='bbox 1667 465 1826 507; x_wconf 84' lang='lat' dir='ltr'><strong>sequenti</strong></span> <span class='ocrx_word' id='word_1_56' title='bbox 1852 465 2027 498; x_wconf 89' lang='lat' dir='ltr'><strong>dominica</strong></span> <span class='ocrx_word' id='word_1_57' title='bbox 2049 476 2172 499; x_wconf 83' lang='lat' dir='ltr'><strong>uersus</strong></span> 
     </span>
     <span class='ocr_line' id='line_1_12' title="bbox 330 516 2170 561; baseline 0 -9"><span class='ocrx_word' id='word_1_58' title='bbox 330 519 494 552; x_wconf 90' lang='lat' dir='ltr'><strong>Sanctum</strong></span> <span class='ocrx_word' id='word_1_59' title='bbox 520 520 728 552; x_wconf 88' lang='lat' dir='ltr'><strong>Germanum</strong></span> <span class='ocrx_word' id='word_1_60' title='bbox 754 529 832 550; x_wconf 85' lang='lat' dir='ltr'><strong>suas</strong></span> <span class='ocrx_word' id='word_1_61' title='bbox 855 518 947 550; x_wconf 88' lang='lat' dir='ltr'><strong>acies</strong></span> <span class='ocrx_word' id='word_1_62' title='bbox 977 516 1177 561; x_wconf 82' lang='lat' dir='ltr'><strong>dirigentes,</strong></span> <span class='ocrx_word' id='word_1_63' title='bbox 1208 525 1379 551; x_wconf 88' lang='lat' dir='ltr'><strong>uenerunt</strong></span> <span class='ocrx_word' id='word_1_64' title='bbox 1400 529 1510 561; x_wconf 89' lang='lat' dir='ltr'><strong>usque</strong></span> <span class='ocrx_word' id='word_1_65' title='bbox 1541 518 1601 550; x_wconf 90' lang='lat' dir='ltr'><strong>ubi</strong></span> <span class='ocrx_word' id='word_1_66' title='bbox 1624 517 1753 551; x_wconf 89' lang='lat' dir='ltr'><strong>dicitur</strong></span> <span class='ocrx_word' id='word_1_67' title='bbox 1777 518 2042 551; x_wconf 87' lang='lat' dir='ltr'><strong>Monumentum</strong></span> <span class='ocrx_word' id='word_1_68' title='bbox 2058 519 2080 551; x_wconf 90' lang='lat'><strong>¹.</strong></span> <span class='ocrx_word' id='word_1_69' title='bbox 2125 519 2170 552; x_wconf 90' lang='lat' dir='ltr'><strong>Et</strong></span> 
     </span>
     <span class='ocr_line' id='line_1_13' title="bbox 330 570 2291 614; baseline 0.001 -10"><span class='ocrx_word' id='word_1_70' title='bbox 330 571 456 604; x_wconf 79' lang='lat' dir='ltr'><strong>exinde</strong></span> <span class='ocrx_word' id='word_1_71' title='bbox 479 572 736 609; x_wconf 90' lang='lat' dir='ltr'><strong>discendentes,</strong></span> <span class='ocrx_word' id='word_1_72' title='bbox 761 582 839 603; x_wconf 90' lang='lat' dir='ltr'><strong>cum</strong></span> <span class='ocrx_word' id='word_1_73' title='bbox 862 571 976 603; x_wconf 90' lang='lat' dir='ltr'><strong>nullus</strong></span> <span class='ocrx_word' id='word_1_74' title='bbox 999 571 1043 603; x_wconf 91' lang='lat' dir='ltr'><strong>de</strong></span> <span class='ocrx_word' id='word_1_75' title='bbox 1067 571 1241 613; x_wconf 84' lang='lat' dir='ltr'><strong>imperiali</strong></span> <span class='ocrx_word' id='word_1_76' title='bbox 1265 571 1419 604; x_wconf 89' lang='lat' dir='ltr'><strong>exercitu</strong></span> <span class='ocrx_word' id='word_1_77' title='bbox 1442 572 1510 604; x_wconf 91' lang='lat' dir='ltr'><strong>hoe</strong></span> <span class='ocrx_word' id='word_1_78' title='bbox 1534 570 1703 614; x_wconf 89' lang='lat' dir='ltr'><strong>Magistro</strong></span> <span class='ocrx_word' id='word_1_79' title='bbox 1733 571 1918 604; x_wconf 89' lang='lat' dir='ltr'><strong>iustitiario</strong></span> <span class='ocrx_word' id='word_1_80' title='bbox 1950 572 2171 614; x_wconf 83' lang='lat' dir='ltr'><strong>prohibente,</strong></span> <span class='ocrx_word' id='word_1_81' title='bbox 2218 573 2238 606; x_wconf 82' lang='lat'>5</span> <span class='ocrx_word' id='word_1_82' title='bbox 2289 587 2291 590; x_wconf 57' lang='lat'><em>⁴</em></span> 
     </span>
     <span class='ocr_line' id='line_1_14' title="bbox 332 615 2291 668; baseline 0.001 -12"><span class='ocrx_word' id='word_1_83' title='bbox 332 625 558 668; x_wconf 86' lang='lat' dir='ltr'><strong>egrederetur</strong></span> <span class='ocrx_word' id='word_1_84' title='bbox 579 625 624 657; x_wconf 87' lang='lat' dir='ltr'><strong>ad</strong></span> <span class='ocrx_word' id='word_1_85' title='bbox 648 624 736 661; x_wconf 89' lang='lat' dir='ltr'><strong>illos,</strong></span> <span class='ocrx_word' id='word_1_86' title='bbox 760 635 824 666; x_wconf 90' lang='lat' dir='ltr'><strong>per</strong></span> <span class='ocrx_word' id='word_1_87' title='bbox 855 623 1145 662; x_wconf 86' lang='lat' dir='ltr'><strong>Plumbareolam,</strong></span> <span class='ocrx_word' id='word_1_88' title='bbox 1168 635 1235 667; x_wconf 93' lang='lat' dir='ltr'><strong>que</strong></span> <span class='ocrx_word' id='word_1_89' title='bbox 1267 630 1378 656; x_wconf 88' lang='lat' dir='ltr'><strong>metus</strong></span> <span class='ocrx_word' id='word_1_90' title='bbox 1402 634 1506 656; x_wconf 84' lang='lat' dir='ltr'><strong>causa</strong></span> <span class='ocrx_word' id='word_1_91' title='bbox 1537 624 1651 656; x_wconf 74' lang='lat' dir='ltr'><strong>fuerat</strong></span> <span class='ocrx_word' id='word_1_92' title='bbox 1674 623 1718 656; x_wconf 90' lang='lat' dir='ltr'><strong>ab</strong></span> <span class='ocrx_word' id='word_1_93' title='bbox 1741 623 1867 656; x_wconf 90' lang='lat' dir='ltr'><strong>incolis</strong></span> <span class='ocrx_word' id='word_1_94' title='bbox 1895 624 2079 664; x_wconf 89' lang='lat' dir='ltr'><strong>derelicta,</strong></span> <span class='ocrx_word' id='word_1_95' title='bbox 2103 626 2172 658; x_wconf 89' lang='lat' dir='ltr'><strong>iter</strong></span> <span class='ocrx_word' id='word_1_96' title='bbox 2290 615 2291 618; x_wconf 12' lang='grc' dir='ltr'><strong>Ἴ</strong></span> 
     </span>
     <span class='ocr_line' id='line_1_15' title="bbox 331 677 2166 722; baseline 0.002 -14"><span class='ocrx_word' id='word_1_97' title='bbox 331 678 506 715; x_wconf 82' lang='lat' dir='ltr'><strong>habentes,</strong></span> <span class='ocrx_word' id='word_1_98' title='bbox 531 683 564 709; x_wconf 90' lang='lat' dir='ltr'><strong>et</strong></span> <span class='ocrx_word' id='word_1_99' title='bbox 588 688 650 719; x_wconf 90' lang='lat' dir='ltr'><strong>per</strong></span> <span class='ocrx_word' id='word_1_100' title='bbox 673 683 823 710; x_wconf 89' lang='lat' dir='ltr'><strong>castrum</strong></span> <span class='ocrx_word' id='word_1_101' title='bbox 848 677 1054 721; x_wconf 86' lang='lat' dir='ltr'><strong>Pignatarii‚</strong></span> <span class='ocrx_word' id='word_1_102' title='bbox 1079 677 1174 720; x_wconf 90' lang='lat' dir='ltr'><strong>quod</strong></span> <span class='ocrx_word' id='word_1_103' title='bbox 1198 678 1372 711; x_wconf 90' lang='lat' dir='ltr'><strong>desertum</strong></span> <span class='ocrx_word' id='word_1_104' title='bbox 1395 677 1555 710; x_wconf 89' lang='lat' dir='ltr'><strong>similiter</strong></span> <span class='ocrx_word' id='word_1_105' title='bbox 1577 678 1702 717; x_wconf 80' lang='lat' dir='ltr'><strong>fuerat,</strong></span> <span class='ocrx_word' id='word_1_106' title='bbox 1719 688 1839 710; x_wconf 88' lang='lat' dir='ltr'><strong>uersus</strong></span> <span class='ocrx_word' id='word_1_107' title='bbox 1856 677 2024 711; x_wconf 88' lang='lat' dir='ltr'><strong>Sanctum</strong></span> <span class='ocrx_word' id='word_1_108' title='bbox 2047 677 2166 722; x_wconf 87' lang='lat' dir='ltr'><strong>Ange-</strong></span> 
     </span>
     <span class='ocr_line' id='line_1_16' title="bbox 331 730 2168 774; baseline 0.001 -12"><span class='ocrx_word' id='word_1_109' title='bbox 331 731 398 762; x_wconf 91' lang='lat' dir='ltr'><strong>lum</strong></span> <span class='ocrx_word' id='word_1_110' title='bbox 422 731 597 763; x_wconf 92' lang='lat' dir='ltr'><strong>Theodici</strong></span> <span class='ocrx_word' id='word_1_111' title='bbox 629 731 782 774; x_wconf 89' lang='lat' dir='ltr'><strong>dirigunt</strong></span> <span class='ocrx_word' id='word_1_112' title='bbox 812 741 951 773; x_wconf 85' lang='lat' dir='ltr'><strong>gressus</strong></span> <span class='ocrx_word' id='word_1_113' title='bbox 974 741 1062 763; x_wconf 78' lang='lat' dir='ltr'><strong>suos·</strong></span> <span class='ocrx_word' id='word_1_114' title='bbox 1109 731 1171 764; x_wconf 93' lang='lat' dir='ltr'><strong>Set</strong></span> <span class='ocrx_word' id='word_1_115' title='bbox 1198 741 1276 763; x_wconf 89' lang='lat' dir='ltr'><strong>cum</strong></span> <span class='ocrx_word' id='word_1_116' title='bbox 1307 731 1395 763; x_wconf 87' lang='lat' dir='ltr'><strong>nihil</strong></span> <span class='ocrx_word' id='word_1_117' title='bbox 1425 731 1636 773; x_wconf 89' lang='lat' dir='ltr'><strong>proficerent</strong></span> <span class='ocrx_word' id='word_1_118' title='bbox 1666 730 1750 774; x_wconf 88' lang='lat' dir='ltr'><strong>quia</strong></span> <span class='ocrx_word' id='word_1_119' title='bbox 1781 730 1870 763; x_wconf 90' lang='lat' dir='ltr'><strong>bene</strong></span> <span class='ocrx_word' id='word_1_120' title='bbox 1900 732 2068 764; x_wconf 89' lang='lat' dir='ltr'><strong>munitum</strong></span> <span class='ocrx_word' id='word_1_121' title='bbox 2091 737 2168 765; x_wconf 86' lang='lat' dir='ltr'><strong>erat</strong></span> 
     </span>
     <span class='ocr_line' id='line_1_17' title="bbox 329 783 2167 828; baseline 0.002 -13"><span class='ocrx_word' id='word_1_122' title='bbox 329 790 488 823; x_wconf 86' lang='lat' dir='ltr'><strong>castrum,</strong></span> <span class='ocrx_word' id='word_1_123' title='bbox 512 790 547 816; x_wconf 89' lang='lat' dir='ltr'><strong>et</strong></span> <span class='ocrx_word' id='word_1_124' title='bbox 570 784 652 816; x_wconf 91' lang='lat' dir='ltr'><strong>illuc</strong></span> <span class='ocrx_word' id='word_1_125' title='bbox 675 784 872 828; x_wconf 87' lang='lat' dir='ltr'><strong>Roggerius</strong></span> <span class='ocrx_word' id='word_1_126' title='bbox 897 784 940 817; x_wconf 85' lang='lat' dir='ltr'><strong>de</strong></span> <span class='ocrx_word' id='word_1_127' title='bbox 965 784 1147 816; x_wconf 88' lang='lat' dir='ltr'><strong>Galluccio</strong></span> <span class='ocrx_word' id='word_1_128' title='bbox 1171 795 1250 817; x_wconf 90' lang='lat' dir='ltr'><strong>cum</strong></span> <span class='ocrx_word' id='word_1_129' title='bbox 1274 794 1332 817; x_wconf 69' lang='lat' dir='ltr'><strong>xi„</strong></span> <span class='ocrx_word' id='word_1_130' title='bbox 1356 783 1590 817; x_wconf 90' lang='lat' dir='ltr'><strong>seruientibus</strong></span> <span class='ocrx_word' id='word_1_131' title='bbox 1613 784 1725 816; x_wconf 88' lang='lat' dir='ltr'><strong>missis</strong></span> <span class='ocrx_word' id='word_1_132' title='bbox 1747 795 1768 816; x_wconf 90' lang='lat' dir='ltr'><strong>a</strong></span> <span class='ocrx_word' id='word_1_133' title='bbox 1790 784 1959 828; x_wconf 85' lang='lat' dir='ltr'><strong>Magistro</strong></span> <span class='ocrx_word' id='word_1_134' title='bbox 1982 784 2167 818; x_wconf 81' lang='lat' dir='ltr'><strong>iustitiario</strong></span> 
     </span>
     <span class='ocr_line' id='line_1_18' title="bbox 326 837 2234 881; baseline 0.001 -12"><span class='ocrx_word' id='word_1_135' title='bbox 326 843 480 875; x_wconf 87' lang='lat' dir='ltr'><strong>uenerat,</strong></span> <span class='ocrx_word' id='word_1_136' title='bbox 504 837 631 870; x_wconf 86' lang='lat' dir='ltr'><strong>abinde</strong></span> <span class='ocrx_word' id='word_1_137' title='bbox 654 843 873 870; x_wconf 88' lang='lat' dir='ltr'><strong>recesserunt</strong></span> <span class='ocrx_word' id='word_1_138' title='bbox 895 842 930 869; x_wconf 92' lang='lat' dir='ltr'><strong>et</strong></span> <span class='ocrx_word' id='word_1_139' title='bbox 953 847 1075 869; x_wconf 87' lang='lat' dir='ltr'><strong>uersus</strong></span> <span class='ocrx_word' id='word_1_140' title='bbox 1098 843 1250 870; x_wconf 88' lang='lat' dir='ltr'><strong>castrum</strong></span> <span class='ocrx_word' id='word_1_141' title='bbox 1281 838 1468 870; x_wconf 89' lang='lat' dir='ltr'><strong>Teramum</strong></span> <span class='ocrx_word' id='word_1_142' title='bbox 1501 838 1652 881; x_wconf 76' lang='lat' dir='ltr'><strong>profecti</strong></span> <span class='ocrx_word' id='word_1_143' title='bbox 1677 843 1771 875; x_wconf 89' lang='lat' dir='ltr'><strong>sunt;</strong></span> <span class='ocrx_word' id='word_1_144' title='bbox 1799 838 1895 881; x_wconf 90' lang='lat' dir='ltr'><strong>quod</strong></span> <span class='ocrx_word' id='word_1_145' title='bbox 1917 838 1954 870; x_wconf 90' lang='lat' dir='ltr'><strong>ui</strong></span> <span class='ocrx_word' id='word_1_146' title='bbox 1976 838 2168 881; x_wconf 81' lang='lat' dir='ltr'><strong>capientes,</strong></span> <span class='ocrx_word' id='word_1_147' title='bbox 2194 838 2234 871; x_wconf 84' lang='lat'><strong>10</strong></span> 
     </span>
     <span class='ocr_line' id='line_1_19' title="bbox 330 890 2166 933; baseline 0.002 -12"><span class='ocrx_word' id='word_1_148' title='bbox 330 900 526 932; x_wconf 89' lang='lat' dir='ltr'><strong>quanquam</strong></span> <span class='ocrx_word' id='word_1_149' title='bbox 549 890 658 932; x_wconf 88' lang='lat' dir='ltr'><strong>ipsius</strong></span> <span class='ocrx_word' id='word_1_150' title='bbox 681 890 894 923; x_wconf 88' lang='lat' dir='ltr'><strong>habitatores</strong></span> <span class='ocrx_word' id='word_1_151' title='bbox 918 890 1045 932; x_wconf 90' lang='lat' dir='ltr'><strong>optime</strong></span> <span class='ocrx_word' id='word_1_152' title='bbox 1062 900 1099 923; x_wconf 91' lang='lat' dir='ltr'><strong>se</strong></span> <span class='ocrx_word' id='word_1_153' title='bbox 1114 901 1179 933; x_wconf 90' lang='lat' dir='ltr'><strong>pro</strong></span> <span class='ocrx_word' id='word_1_154' title='bbox 1196 891 1264 924; x_wconf 89' lang='lat' dir='ltr'><strong>fide</strong></span> <span class='ocrx_word' id='word_1_155' title='bbox 1281 891 1419 924; x_wconf 88' lang='lat' dir='ltr'><strong>Cesaris</strong></span> <span class='ocrx_word' id='word_1_156' title='bbox 1435 890 1688 929; x_wconf 80' lang='lat' dir='ltr'><strong>defendissent,</strong></span> <span class='ocrx_word' id='word_1_157' title='bbox 1705 890 1798 924; x_wconf 88' lang='lat' dir='ltr'><strong>bona</strong></span> <span class='ocrx_word' id='word_1_158' title='bbox 1813 890 2020 933; x_wconf 87' lang='lat' dir='ltr'><strong>diripientes</strong></span> <span class='ocrx_word' id='word_1_159' title='bbox 2035 901 2166 931; x_wconf 84' lang='lat' dir='ltr'><strong>eorum,</strong></span> 
     </span>
     <span class='ocr_line' id='line_1_20' title="bbox 328 943 2169 987; baseline 0.001 -12"><span class='ocrx_word' id='word_1_160' title='bbox 328 944 416 976; x_wconf 89' lang='lat' dir='ltr'><strong>illud</strong></span> <span class='ocrx_word' id='word_1_161' title='bbox 439 943 603 976; x_wconf 89' lang='lat' dir='ltr'><strong>incendio</strong></span> <span class='ocrx_word' id='word_1_162' title='bbox 626 943 865 980; x_wconf 83' lang='lat' dir='ltr'><strong>tradiderunt3</strong></span> <span class='ocrx_word' id='word_1_163' title='bbox 890 943 1011 986; x_wconf 91' lang='lat' dir='ltr'><strong>sicque</strong></span> <span class='ocrx_word' id='word_1_164' title='bbox 1028 944 1164 977; x_wconf 90' lang='lat' dir='ltr'><strong>onerati</strong></span> <span class='ocrx_word' id='word_1_165' title='bbox 1180 944 1299 987; x_wconf 88' lang='lat' dir='ltr'><strong>spoliis</strong></span> <span class='ocrx_word' id='word_1_166' title='bbox 1325 944 1361 976; x_wconf 90' lang='lat' dir='ltr'><strong>in</strong></span> <span class='ocrx_word' id='word_1_167' title='bbox 1379 944 1604 987; x_wconf 86' lang='lat' dir='ltr'><strong>Campaniam</strong></span> <span class='ocrx_word' id='word_1_168' title='bbox 1621 950 1701 976; x_wconf 90' lang='lat' dir='ltr'><strong>sunt</strong></span> <span class='ocrx_word' id='word_1_169' title='bbox 1724 944 1866 976; x_wconf 90' lang='lat' dir='ltr'><strong>reuersi.</strong></span> <span class='ocrx_word' id='word_1_170' title='bbox 1913 943 2053 983; x_wconf 85' lang='lat' dir='ltr'><strong>Quibus</strong></span> <span class='ocrx_word' id='word_1_171' title='bbox 2068 953 2169 977; x_wconf 85' lang='lat' dir='ltr'><strong>rece-</strong></span> 
     </span>
     <span class='ocr_line' id='line_1_21' title="bbox 329 997 2170 1041; baseline 0.002 -13"><span class='ocrx_word' id='word_1_172' title='bbox 329 997 488 1029; x_wconf 89' lang='lat' dir='ltr'><strong>dentibus</strong></span> <span class='ocrx_word' id='word_1_173' title='bbox 512 997 679 1041; x_wconf 86' lang='lat' dir='ltr'><strong>Magister</strong></span> <span class='ocrx_word' id='word_1_174' title='bbox 702 997 908 1029; x_wconf 90' lang='lat' dir='ltr'><strong>iustitiarius</strong></span> <span class='ocrx_word' id='word_1_175' title='bbox 932 1008 1011 1030; x_wconf 94' lang='lat' dir='ltr'><strong>cum</strong></span> <span class='ocrx_word' id='word_1_176' title='bbox 1034 997 1206 1040; x_wconf 87' lang='lat' dir='ltr'><strong>imperiali</strong></span> <span class='ocrx_word' id='word_1_177' title='bbox 1231 998 1388 1030; x_wconf 87' lang='lat' dir='ltr'><strong>exercitu</strong></span> <span class='ocrx_word' id='word_1_178' title='bbox 1411 998 1531 1030; x_wconf 86' lang='lat' dir='ltr'><strong>exiens</strong></span> <span class='ocrx_word' id='word_1_179' title='bbox 1554 998 1598 1030; x_wconf 92' lang='lat' dir='ltr'><strong>de</strong></span> <span class='ocrx_word' id='word_1_180' title='bbox 1631 997 1762 1030; x_wconf 87' lang='lat' dir='ltr'><strong>Sancto</strong></span> <span class='ocrx_word' id='word_1_181' title='bbox 1787 997 1976 1038; x_wconf 88' lang='lat' dir='ltr'><strong>Germano,</strong></span> <span class='ocrx_word' id='word_1_182' title='bbox 1997 1009 2067 1030; x_wconf 89' lang='lat' dir='ltr'><strong>una</strong></span> <span class='ocrx_word' id='word_1_183' title='bbox 2091 1007 2170 1031; x_wconf 87' lang='lat' dir='ltr'><strong>cum</strong></span> 
     </span>
     <span class='ocr_line' id='line_1_22' title="bbox 330 1050 2175 1094; baseline 0.001 -12"><span class='ocrx_word' id='word_1_184' title='bbox 330 1051 478 1083; x_wconf 90' lang='lat' dir='ltr'><strong>dominis</strong></span> <span class='ocrx_word' id='word_1_185' title='bbox 501 1051 632 1093; x_wconf 88' lang='lat' dir='ltr'><strong>Aquini</strong></span> <span class='ocrx_word' id='word_1_186' title='bbox 656 1061 761 1093; x_wconf 90' lang='lat' dir='ltr'><strong>super</strong></span> <span class='ocrx_word' id='word_1_187' title='bbox 783 1055 934 1083; x_wconf 88' lang='lat' dir='ltr'><strong>castrum</strong></span> <span class='ocrx_word' id='word_1_188' title='bbox 958 1051 1186 1084; x_wconf 85' lang='lat' dir='ltr'><strong>Pedemontis</strong></span> <span class='ocrx_word' id='word_1_189' title='bbox 1207 1052 1317 1090; x_wconf 89' lang='lat' dir='ltr'><strong>uadit,</strong></span> <span class='ocrx_word' id='word_1_190' title='bbox 1339 1052 1427 1084; x_wconf 92' lang='lat' dir='ltr'><strong>illud</strong></span> <span class='ocrx_word' id='word_1_191' title='bbox 1452 1052 1536 1084; x_wconf 90' lang='lat' dir='ltr'><strong>dare</strong></span> <span class='ocrx_word' id='word_1_192' title='bbox 1553 1050 1785 1084; x_wconf 88' lang='lat' dir='ltr'><strong>destructioni</strong></span> <span class='ocrx_word' id='word_1_193' title='bbox 1811 1051 2010 1094; x_wconf 88' lang='lat' dir='ltr'><strong>disponens,</strong></span> <span class='ocrx_word' id='word_1_194' title='bbox 2032 1051 2098 1084; x_wconf 86' lang='lat' dir='ltr'><strong>nisi</strong></span> <span class='ocrx_word' id='word_1_195' title='bbox 2114 1051 2175 1084; x_wconf 80' lang='lat' dir='ltr'><strong>ab·</strong></span> 
     </span>
     <span class='ocr_line' id='line_1_23' title="bbox 326 1102 2296 1148; baseline 0.001 -13"><span class='ocrx_word' id='word_1_196' title='bbox 326 1102 414 1136; x_wconf 86' lang='lat' dir='ltr'><strong>batis</strong></span> <span class='ocrx_word' id='word_1_197' title='bbox 437 1110 472 1135; x_wconf 91' lang='lat' dir='ltr'><strong>et</strong></span> <span class='ocrx_word' id='word_1_198' title='bbox 496 1110 687 1136; x_wconf 90' lang='lat' dir='ltr'><strong>conuentus</strong></span> <span class='ocrx_word' id='word_1_199' title='bbox 710 1104 873 1146; x_wconf 83' lang='lat' dir='ltr'><strong>precibus</strong></span> <span class='ocrx_word' id='word_1_200' title='bbox 897 1104 1095 1144; x_wconf 82' lang='lat' dir='ltr'><strong>destitisset,</strong></span> <span class='ocrx_word' id='word_1_201' title='bbox 1117 1105 1237 1148; x_wconf 91' lang='lat' dir='ltr'><strong>sicque</strong></span> <span class='ocrx_word' id='word_1_202' title='bbox 1261 1106 1299 1137; x_wconf 91' lang='lat' dir='ltr'><strong>in</strong></span> <span class='ocrx_word' id='word_1_203' title='bbox 1322 1116 1383 1137; x_wconf 91' lang='lat' dir='ltr'><strong>sua</strong></span> <span class='ocrx_word' id='word_1_204' title='bbox 1405 1104 1537 1138; x_wconf 90' lang='lat' dir='ltr'><strong>reuersi</strong></span> <span class='ocrx_word' id='word_1_205' title='bbox 1560 1110 1648 1137; x_wconf 89' lang='lat' dir='ltr'><strong>sunt.</strong></span> <span class='ocrx_word' id='word_1_206' title='bbox 1695 1104 1797 1137; x_wconf 91' lang='lat' dir='ltr'><strong>Tunc</strong></span> <span class='ocrx_word' id='word_1_207' title='bbox 1821 1105 1867 1138; x_wconf 88' lang='lat' dir='ltr'><strong>ad</strong></span> <span class='ocrx_word' id='word_1_208' title='bbox 1890 1104 2002 1147; x_wconf 85' lang='lat' dir='ltr'><strong>ipsum</strong></span> <span class='ocrx_word' id='word_1_209' title='bbox 2026 1104 2172 1138; x_wconf 85' lang='lat' dir='ltr'><strong>iustitia·</strong></span> <span class='ocrx_word' id='word_1_210' title='bbox 2197 1103 2236 1137; x_wconf 84' lang='lat'><strong>15</strong></span> <span class='ocrx_word' id='word_1_211' title='bbox 2284 1121 2296 1141; x_wconf 57' lang='grc' dir='ltr'><strong>ῃ</strong></span> 
     </span>
     <span class='ocr_line' id='line_1_24' title="bbox 326 1157 2172 1201; baseline 0.001 -12"><span class='ocrx_word' id='word_1_212' title='bbox 326 1158 411 1190; x_wconf 92' lang='lat' dir='ltr'><strong>rium</strong></span> <span class='ocrx_word' id='word_1_213' title='bbox 435 1158 526 1190; x_wconf 88' lang='lat' dir='ltr'><strong>uires</strong></span> <span class='ocrx_word' id='word_1_214' title='bbox 549 1158 702 1190; x_wconf 92' lang='lat' dir='ltr'><strong>fidelium</strong></span> <span class='ocrx_word' id='word_1_215' title='bbox 726 1157 864 1190; x_wconf 87' lang='lat' dir='ltr'><strong>Cesaris</strong></span> <span class='ocrx_word' id='word_1_216' title='bbox 880 1158 1035 1200; x_wconf 89' lang='lat' dir='ltr'><strong>undique</strong></span> <span class='ocrx_word' id='word_1_217' title='bbox 1053 1158 1279 1197; x_wconf 89' lang='lat' dir='ltr'><strong>confluentes,</strong></span> <span class='ocrx_word' id='word_1_218' title='bbox 1295 1169 1374 1191; x_wconf 93' lang='lat' dir='ltr'><strong>cum</strong></span> <span class='ocrx_word' id='word_1_219' title='bbox 1390 1158 1439 1191; x_wconf 88' lang='lat' dir='ltr'><strong>eis</strong></span> <span class='ocrx_word' id='word_1_220' title='bbox 1455 1158 1617 1191; x_wconf 89' lang='lat' dir='ltr'><strong>resistere</strong></span> <span class='ocrx_word' id='word_1_221' title='bbox 1633 1157 1789 1190; x_wconf 87' lang='lat' dir='ltr'><strong>hostibus</strong></span> <span class='ocrx_word' id='word_1_222' title='bbox 1805 1168 1842 1190; x_wconf 90' lang='lat' dir='ltr'><strong>se</strong></span> <span class='ocrx_word' id='word_1_223' title='bbox 1858 1157 2014 1201; x_wconf 87' lang='lat' dir='ltr'><strong>parabat.</strong></span> <span class='ocrx_word' id='word_1_224' title='bbox 2047 1157 2172 1191; x_wconf 85' lang='lat' dir='ltr'><strong>Mense</strong></span> 
     </span>
     <span class='ocr_line' id='line_1_25' title="bbox 326 1210 2174 1255; baseline 0.001 -12"><span class='ocrx_word' id='word_1_225' title='bbox 326 1211 432 1254; x_wconf 88' lang='lat' dir='ltr'><strong>igitur</strong></span> <span class='ocrx_word' id='word_1_226' title='bbox 453 1211 583 1249; x_wconf 90' lang='lat' dir='ltr'><strong>Martii,</strong></span> <span class='ocrx_word' id='word_1_227' title='bbox 607 1221 695 1244; x_wconf 84' lang='lat' dir='ltr'><strong>xvn.</strong></span> <span class='ocrx_word' id='word_1_228' title='bbox 720 1211 847 1243; x_wconf 88' lang='lat' dir='ltr'><strong>mensis</strong></span> <span class='ocrx_word' id='word_1_229' title='bbox 870 1210 1040 1244; x_wconf 89' lang='lat' dir='ltr'><strong>eiusdem&#39;</strong></span> <span class='ocrx_word' id='word_1_230' title='bbox 1065 1212 1123 1255; x_wconf 89' lang='lat' dir='ltr'><strong>qui</strong></span> <span class='ocrx_word' id='word_1_231' title='bbox 1148 1212 1222 1246; x_wconf 87' lang='lat' dir='ltr'><strong>dies</strong></span> <span class='ocrx_word' id='word_1_232' title='bbox 1246 1218 1321 1245; x_wconf 90' lang='lat' dir='ltr'><strong>erat</strong></span> <span class='ocrx_word' id='word_1_233' title='bbox 1343 1211 1481 1244; x_wconf 89' lang='lat' dir='ltr'><strong>ueneris</strong></span> <span class='ocrx_word' id='word_1_234' title='bbox 1492 1211 1515 1251; x_wconf 81' lang='lat'><strong>²,</strong></span> <span class='ocrx_word' id='word_1_235' title='bbox 1538 1211 1677 1244; x_wconf 88' lang='lat' dir='ltr'><strong>rediens</strong></span> <span class='ocrx_word' id='word_1_236' title='bbox 1700 1212 1834 1254; x_wconf 88' lang='lat' dir='ltr'><strong>papalis</strong></span> <span class='ocrx_word' id='word_1_237' title='bbox 1857 1212 2031 1244; x_wconf 86' lang='lat' dir='ltr'><strong>exercitus</strong></span> <span class='ocrx_word' id='word_1_238' title='bbox 2052 1212 2100 1245; x_wconf 89' lang='lat' dir='ltr'><strong>ad</strong></span> <span class='ocrx_word' id='word_1_239' title='bbox 2114 1221 2174 1245; x_wconf 86' lang='lat' dir='ltr'><strong>ca-</strong></span> 
     </span>
     <span class='ocr_line' id='line_1_26' title="bbox 326 1264 2172 1308; baseline 0.001 -12"><span class='ocrx_word' id='word_1_240' title='bbox 326 1270 432 1297; x_wconf 86' lang='lat' dir='ltr'><strong>strum</strong></span> <span class='ocrx_word' id='word_1_241' title='bbox 458 1264 692 1302; x_wconf 90' lang='lat' dir='ltr'><strong>Pedemontis,</strong></span> <span class='ocrx_word' id='word_1_242' title='bbox 715 1265 875 1307; x_wconf 87' lang='lat' dir='ltr'><strong>sequenti</strong></span> <span class='ocrx_word' id='word_1_243' title='bbox 899 1265 959 1297; x_wconf 91' lang='lat' dir='ltr'><strong>die</strong></span> <span class='ocrx_word' id='word_1_244' title='bbox 980 1265 1116 1298; x_wconf 81' lang='lat' dir='ltr'><strong>sabbati</strong></span> <span class='ocrx_word' id='word_1_245' title='bbox 1139 1265 1227 1298; x_wconf 89' lang='lat' dir='ltr'><strong>sein</strong></span> <span class='ocrx_word' id='word_1_246' title='bbox 1252 1266 1339 1299; x_wconf 86' lang='lat' dir='ltr'><strong>duas</strong></span> <span class='ocrx_word' id='word_1_247' title='bbox 1364 1265 1527 1298; x_wconf 90' lang='lat' dir='ltr'><strong>diuidens</strong></span> <span class='ocrx_word' id='word_1_248' title='bbox 1550 1265 1657 1303; x_wconf 89' lang='lat' dir='ltr'><strong>acies,</strong></span> <span class='ocrx_word' id='word_1_249' title='bbox 1681 1275 1744 1307; x_wconf 90' lang='lat' dir='ltr'><strong>per</strong></span> <span class='ocrx_word' id='word_1_250' title='bbox 1766 1271 1901 1298; x_wconf 87' lang='lat' dir='ltr'><strong>montes</strong></span> <span class='ocrx_word' id='word_1_251' title='bbox 1924 1270 1959 1297; x_wconf 91' lang='lat' dir='ltr'><strong>et</strong></span> <span class='ocrx_word' id='word_1_252' title='bbox 1980 1265 2088 1308; x_wconf 84' lang='lat' dir='ltr'><strong>plana</strong></span> <span class='ocrx_word' id='word_1_253' title='bbox 2109 1265 2172 1298; x_wconf 88' lang='lat' dir='ltr'><strong>mi-</strong></span> 
     </span>
     <span class='ocr_line' id='line_1_27' title="bbox 327 1317 2287 1365; baseline 0.002 -16"><span class='ocrx_word' id='word_1_254' title='bbox 327 1318 404 1350; x_wconf 86' lang='lat' dir='ltr'><strong>lites</strong></span> <span class='ocrx_word' id='word_1_255' title='bbox 428 1324 462 1350; x_wconf 89' lang='lat' dir='ltr'><strong>et</strong></span> <span class='ocrx_word' id='word_1_256' title='bbox 486 1318 622 1361; x_wconf 90' lang='lat' dir='ltr'><strong>pedites</strong></span> <span class='ocrx_word' id='word_1_257' title='bbox 645 1318 712 1351; x_wconf 88' lang='lat' dir='ltr'><strong>iter</strong></span> <span class='ocrx_word' id='word_1_258' title='bbox 736 1317 917 1357; x_wconf 88' lang='lat' dir='ltr'><strong>habentes,</strong></span> <span class='ocrx_word' id='word_1_259' title='bbox 935 1329 1054 1351; x_wconf 89' lang='lat' dir='ltr'><strong>eorum</strong></span> <span class='ocrx_word' id='word_1_260' title='bbox 1070 1319 1210 1362; x_wconf 85' lang='lat' dir='ltr'><strong>quidam</strong></span> <span class='ocrx_word' id='word_1_261' title='bbox 1234 1329 1353 1351; x_wconf 82' lang='lat' dir='ltr'><strong>uersus</strong></span> <span class='ocrx_word' id='word_1_262' title='bbox 1379 1319 1626 1351; x_wconf 86' lang='lat' dir='ltr'><strong>monasterium</strong></span> <span class='ocrx_word' id='word_1_263' title='bbox 1644 1324 1679 1351; x_wconf 92' lang='lat' dir='ltr'><strong>et</strong></span> <span class='ocrx_word' id='word_1_264' title='bbox 1694 1318 1837 1361; x_wconf 87' lang='lat' dir='ltr'><strong>quidam</strong></span> <span class='ocrx_word' id='word_1_265' title='bbox 1861 1328 1980 1351; x_wconf 87' lang='lat' dir='ltr'><strong>uersus</strong></span> <span class='ocrx_word' id='word_1_266' title='bbox 2003 1317 2170 1352; x_wconf 88' lang='lat' dir='ltr'><strong>Sanctum</strong></span> <span class='ocrx_word' id='word_1_267' title='bbox 2283 1359 2287 1365; x_wconf 62' lang='lat'><em>„</em></span> 
     </span>
     <span class='ocr_line' id='line_1_28' title="bbox 326 1368 2293 1415; baseline 0.001 -11"><span class='ocrx_word' id='word_1_268' title='bbox 326 1372 535 1404; x_wconf 89' lang='lat' dir='ltr'><strong>Germanum</strong></span> <span class='ocrx_word' id='word_1_269' title='bbox 559 1371 715 1415; x_wconf 87' lang='lat' dir='ltr'><strong>dirigunt</strong></span> <span class='ocrx_word' id='word_1_270' title='bbox 736 1381 877 1415; x_wconf 88' lang='lat' dir='ltr'><strong>gressus</strong></span> <span class='ocrx_word' id='word_1_271' title='bbox 899 1382 988 1406; x_wconf 88' lang='lat' dir='ltr'><strong>suos.</strong></span> <span class='ocrx_word' id='word_1_272' title='bbox 1036 1370 1172 1410; x_wconf 86' lang='lat' dir='ltr'><strong>Quibus</strong></span> <span class='ocrx_word' id='word_1_273' title='bbox 1196 1382 1274 1404; x_wconf 89' lang='lat' dir='ltr'><strong>cum</strong></span> <span class='ocrx_word' id='word_1_274' title='bbox 1297 1373 1391 1404; x_wconf 91' lang='lat' dir='ltr'><strong>idem</strong></span> <span class='ocrx_word' id='word_1_275' title='bbox 1421 1371 1593 1415; x_wconf 87' lang='lat' dir='ltr'><strong>Magister</strong></span> <span class='ocrx_word' id='word_1_276' title='bbox 1621 1371 1837 1410; x_wconf 82' lang='lat' dir='ltr'><strong>iustitiarius‚</strong></span> <span class='ocrx_word' id='word_1_277' title='bbox 1869 1371 1967 1404; x_wconf 90' lang='lat' dir='ltr'><strong>cuius</strong></span> <span class='ocrx_word' id='word_1_278' title='bbox 1996 1371 2172 1405; x_wconf 84' lang='lat' dir='ltr'><strong>ducebant</strong></span> <span class='ocrx_word' id='word_1_279' title='bbox 2194 1373 2238 1406; x_wconf 88' lang='lat'><strong>20</strong></span> <span class='ocrx_word' id='word_1_280' title='bbox 2291 1368 2293 1378; x_wconf 66' lang='lat'>³</span> 
     </span>
     <span class='ocr_line' id='line_1_29' title="bbox 326 1424 2173 1469; baseline 0.001 -12"><span class='ocrx_word' id='word_1_281' title='bbox 326 1425 477 1457; x_wconf 90' lang='lat' dir='ltr'><strong>animum</strong></span> <span class='ocrx_word' id='word_1_282' title='bbox 501 1425 720 1458; x_wconf 89' lang='lat' dir='ltr'><strong>diuersorum</strong></span> <span class='ocrx_word' id='word_1_283' title='bbox 743 1425 891 1457; x_wconf 89' lang='lat' dir='ltr'><strong>consilia</strong></span> <span class='ocrx_word' id='word_1_284' title='bbox 914 1425 951 1457; x_wconf 92' lang='lat' dir='ltr'><strong>in</strong></span> <span class='ocrx_word' id='word_1_285' title='bbox 974 1424 1159 1463; x_wconf 88' lang='lat' dir='ltr'><strong>diuersum,</strong></span> <span class='ocrx_word' id='word_1_286' title='bbox 1193 1425 1301 1458; x_wconf 92' lang='lat' dir='ltr'><strong>uellet</strong></span> <span class='ocrx_word' id='word_1_287' title='bbox 1332 1425 1482 1463; x_wconf 90' lang='lat' dir='ltr'><strong>obstare,</strong></span> <span class='ocrx_word' id='word_1_288' title='bbox 1506 1436 1549 1457; x_wconf 92' lang='lat' dir='ltr'><strong>ne</strong></span> <span class='ocrx_word' id='word_1_289' title='bbox 1571 1435 1636 1468; x_wconf 90' lang='lat' dir='ltr'><strong>per</strong></span> <span class='ocrx_word' id='word_1_290' title='bbox 1659 1425 1828 1458; x_wconf 89' lang='lat' dir='ltr'><strong>montium</strong></span> <span class='ocrx_word' id='word_1_291' title='bbox 1860 1425 1976 1459; x_wconf 89' lang='lat' dir='ltr'><strong>aditus</strong></span> <span class='ocrx_word' id='word_1_292' title='bbox 1998 1425 2089 1458; x_wconf 84' lang='lat' dir='ltr'><strong>liber</strong></span> <span class='ocrx_word' id='word_1_293' title='bbox 2109 1436 2173 1469; x_wconf 87' lang='lat' dir='ltr'><strong>pa-</strong></span> 
     </span>
     <span class='ocr_line' id='line_1_30' title="bbox 325 1477 2173 1522; baseline 0.001 -12"><span class='ocrx_word' id='word_1_294' title='bbox 325 1485 416 1511; x_wconf 87' lang='lat' dir='ltr'><strong>teret</strong></span> <span class='ocrx_word' id='word_1_295' title='bbox 438 1479 594 1511; x_wconf 90' lang='lat' dir='ltr'><strong>hostibus</strong></span> <span class='ocrx_word' id='word_1_296' title='bbox 610 1479 655 1510; x_wconf 89' lang='lat' dir='ltr'><strong>ad</strong></span> <span class='ocrx_word' id='word_1_297' title='bbox 679 1477 846 1510; x_wconf 90' lang='lat' dir='ltr'><strong>Sanctum</strong></span> <span class='ocrx_word' id='word_1_298' title='bbox 871 1478 1083 1511; x_wconf 89' lang='lat' dir='ltr'><strong>Germanum</strong></span> <span class='ocrx_word' id='word_1_299' title='bbox 1099 1489 1272 1517; x_wconf 78' lang='lat' dir='ltr'><strong>accessuS,</strong></span> <span class='ocrx_word' id='word_1_300' title='bbox 1296 1480 1380 1522; x_wconf 91' lang='lat' dir='ltr'><strong>ipsis</strong></span> <span class='ocrx_word' id='word_1_301' title='bbox 1404 1490 1467 1522; x_wconf 92' lang='lat' dir='ltr'><strong>per</strong></span> <span class='ocrx_word' id='word_1_302' title='bbox 1489 1479 1581 1511; x_wconf 90' lang='lat' dir='ltr'><strong>uires</strong></span> <span class='ocrx_word' id='word_1_303' title='bbox 1613 1478 1791 1521; x_wconf 86' lang='lat' dir='ltr'><strong>oppositas</strong></span> <span class='ocrx_word' id='word_1_304' title='bbox 1822 1478 1991 1511; x_wconf 88' lang='lat' dir='ltr'><strong>obsistere</strong></span> <span class='ocrx_word' id='word_1_305' title='bbox 2021 1479 2173 1522; x_wconf 89' lang='lat' dir='ltr'><strong>preuidit</strong></span> 
     </span>
     <span class='ocr_line' id='line_1_31' title="bbox 323 1531 2172 1576; baseline 0.002 -13"><span class='ocrx_word' id='word_1_306' title='bbox 323 1532 359 1564; x_wconf 92' lang='lat' dir='ltr'><strong>in</strong></span> <span class='ocrx_word' id='word_1_307' title='bbox 383 1539 511 1570; x_wconf 90' lang='lat' dir='ltr'><strong>monte,</strong></span> <span class='ocrx_word' id='word_1_308' title='bbox 535 1532 670 1564; x_wconf 88' lang='lat' dir='ltr'><strong>mittens</strong></span> <span class='ocrx_word' id='word_1_309' title='bbox 693 1532 740 1564; x_wconf 87' lang='lat' dir='ltr'><strong>ad</strong></span> <span class='ocrx_word' id='word_1_310' title='bbox 763 1531 1003 1565; x_wconf 89' lang='lat' dir='ltr'><strong>obseruandos</strong></span> <span class='ocrx_word' id='word_1_311' title='bbox 1026 1532 1191 1565; x_wconf 89' lang='lat' dir='ltr'><strong>montium</strong></span> <span class='ocrx_word' id='word_1_312' title='bbox 1215 1533 1380 1565; x_wconf 87' lang='lat' dir='ltr'><strong>transitus</strong></span> <span class='ocrx_word' id='word_1_313' title='bbox 1404 1533 1575 1576; x_wconf 90' lang='lat' dir='ltr'><strong>quosdam</strong></span> <span class='ocrx_word' id='word_1_314' title='bbox 1607 1532 1651 1564; x_wconf 90' lang='lat' dir='ltr'><strong>de</strong></span> <span class='ocrx_word' id='word_1_315' title='bbox 1674 1537 1780 1564; x_wconf 88' lang='lat' dir='ltr'><strong>nocte</strong></span> <span class='ocrx_word' id='word_1_316' title='bbox 1804 1532 1931 1565; x_wconf 87' lang='lat' dir='ltr'><strong>milites</strong></span> <span class='ocrx_word' id='word_1_317' title='bbox 1953 1538 1988 1565; x_wconf 88' lang='lat' dir='ltr'><strong>et</strong></span> <span class='ocrx_word' id='word_1_318' title='bbox 2017 1532 2172 1566; x_wconf 78' lang='lat' dir='ltr'><strong>balistas.</strong></span> 
     </span>
     <span class='ocr_line' id='line_1_32' title="bbox 328 1584 2172 1629; baseline 0.002 -12"><span class='ocrx_word' id='word_1_319' title='bbox 328 1587 398 1625; x_wconf 88' lang='lat' dir='ltr'><strong>Qui</strong></span> <span class='ocrx_word' id='word_1_320' title='bbox 421 1587 652 1618; x_wconf 87' lang='lat' dir='ltr'><strong>ascendentes</strong></span> <span class='ocrx_word' id='word_1_321' title='bbox 675 1585 794 1618; x_wconf 87' lang='lat' dir='ltr'><strong>hostes</strong></span> <span class='ocrx_word' id='word_1_322' title='bbox 817 1596 881 1628; x_wconf 93' lang='lat' dir='ltr'><strong>pro</strong></span> <span class='ocrx_word' id='word_1_323' title='bbox 905 1585 1038 1618; x_wconf 87' lang='lat' dir='ltr'><strong>uiribus</strong></span> <span class='ocrx_word' id='word_1_324' title='bbox 1054 1586 1272 1629; x_wconf 90' lang='lat' dir='ltr'><strong>repellentes,</strong></span> <span class='ocrx_word' id='word_1_325' title='bbox 1297 1586 1425 1619; x_wconf 92' lang='lat' dir='ltr'><strong>bellurn</strong></span> <span class='ocrx_word' id='word_1_326' title='bbox 1443 1586 1531 1619; x_wconf 92' lang='lat' dir='ltr'><strong>inire</strong></span> <span class='ocrx_word' id='word_1_327' title='bbox 1550 1597 1628 1618; x_wconf 92' lang='lat' dir='ltr'><strong>cum</strong></span> <span class='ocrx_word' id='word_1_328' title='bbox 1645 1587 1695 1618; x_wconf 88' lang='lat' dir='ltr'><strong>eis</strong></span> <span class='ocrx_word' id='word_1_329' title='bbox 1711 1596 1773 1628; x_wconf 90' lang='lat' dir='ltr'><strong>pro</strong></span> <span class='ocrx_word' id='word_1_330' title='bbox 1790 1584 1858 1618; x_wconf 90' lang='lat' dir='ltr'><strong>fide</strong></span> <span class='ocrx_word' id='word_1_331' title='bbox 1875 1585 2014 1619; x_wconf 88' lang='lat' dir='ltr'><strong>Cesaris</strong></span> <span class='ocrx_word' id='word_1_332' title='bbox 2030 1586 2172 1620; x_wconf 85' lang='lat' dir='ltr'><strong>minime</strong></span> 
     </span>
     <span class='ocr_line' id='line_1_33' title="bbox 328 1638 2235 1682; baseline 0.001 -10"><span class='ocrx_word' id='word_1_333' title='bbox 328 1641 525 1672; x_wconf 90' lang='lat' dir='ltr'><strong>timuerunt.</strong></span> <span class='ocrx_word' id='word_1_334' title='bbox 572 1638 729 1682; x_wconf 89' lang='lat' dir='ltr'><strong>Cumque</strong></span> <span class='ocrx_word' id='word_1_335' title='bbox 753 1640 787 1671; x_wconf 90' lang='lat' dir='ltr'><strong>in</strong></span> <span class='ocrx_word' id='word_1_336' title='bbox 812 1640 890 1672; x_wconf 92' lang='lat' dir='ltr'><strong>loco</strong></span> <span class='ocrx_word' id='word_1_337' title='bbox 913 1640 974 1672; x_wconf 92' lang='lat' dir='ltr'><strong>ubi</strong></span> <span class='ocrx_word' id='word_1_338' title='bbox 997 1645 1051 1672; x_wconf 88' lang='lat' dir='ltr'><strong>est</strong></span> <span class='ocrx_word' id='word_1_339' title='bbox 1074 1639 1226 1672; x_wconf 86' lang='lat' dir='ltr'><strong>ecclesia</strong></span> <span class='ocrx_word' id='word_1_340' title='bbox 1241 1641 1354 1673; x_wconf 90' lang='lat' dir='ltr'><strong>sancti</strong></span> <span class='ocrx_word' id='word_1_341' title='bbox 1370 1640 1519 1673; x_wconf 89' lang='lat' dir='ltr'><strong>Matthei</strong></span> <span class='ocrx_word' id='word_1_342' title='bbox 1543 1650 1720 1672; x_wconf 87' lang='lat' dir='ltr'><strong>seruorum</strong></span> <span class='ocrx_word' id='word_1_343' title='bbox 1743 1638 1833 1672; x_wconf 81' lang='lat' dir='ltr'><strong>Dei³</strong></span> <span class='ocrx_word' id='word_1_344' title='bbox 1858 1639 2039 1672; x_wconf 88' lang='lat' dir='ltr'><strong>conflictus</strong></span> <span class='ocrx_word' id='word_1_345' title='bbox 2061 1641 2170 1680; x_wconf 85' lang='lat' dir='ltr'><strong>fieret,</strong></span> <span class='ocrx_word' id='word_1_346' title='bbox 2193 1641 2235 1674; x_wconf 86' lang='lat'><strong>25</strong></span> 
     </span>
     <span class='ocr_line' id='line_1_34' title="bbox 328 1693 2171 1736; baseline 0 -10"><span class='ocrx_word' id='word_1_347' title='bbox 328 1705 443 1726; x_wconf 88' lang='lat' dir='ltr'><strong>rumor</strong></span> <span class='ocrx_word' id='word_1_348' title='bbox 466 1693 513 1725; x_wconf 86' lang='lat' dir='ltr'><strong>ad</strong></span> <span class='ocrx_word' id='word_1_349' title='bbox 535 1693 646 1736; x_wconf 90' lang='lat' dir='ltr'><strong>ipsum</strong></span> <span class='ocrx_word' id='word_1_350' title='bbox 671 1693 906 1732; x_wconf 87' lang='lat' dir='ltr'><strong>iustitiarium,</strong></span> <span class='ocrx_word' id='word_1_351' title='bbox 930 1693 1024 1736; x_wconf 91' lang='lat' dir='ltr'><strong>quod</strong></span> <span class='ocrx_word' id='word_1_352' title='bbox 1046 1694 1099 1726; x_wconf 91' lang='lat' dir='ltr'><strong>sui</strong></span> <span class='ocrx_word' id='word_1_353' title='bbox 1130 1704 1209 1726; x_wconf 89' lang='lat' dir='ltr'><strong>cum</strong></span> <span class='ocrx_word' id='word_1_354' title='bbox 1241 1693 1400 1727; x_wconf 88' lang='lat' dir='ltr'><strong>hostibus</strong></span> <span class='ocrx_word' id='word_1_355' title='bbox 1430 1693 1652 1731; x_wconf 88' lang='lat' dir='ltr'><strong>dimicarent,</strong></span> <span class='ocrx_word' id='word_1_356' title='bbox 1682 1693 1728 1726; x_wconf 89' lang='lat' dir='ltr'><strong>ad</strong></span> <span class='ocrx_word' id='word_1_357' title='bbox 1759 1693 1926 1726; x_wconf 87' lang='lat' dir='ltr'><strong>Sanctum</strong></span> <span class='ocrx_word' id='word_1_358' title='bbox 1958 1693 2171 1726; x_wconf 86' lang='lat' dir='ltr'><strong>Germanum</strong></span> 
     </span>
     <span class='ocr_line' id='line_1_35' title="bbox 327 1746 2170 1789; baseline 0 -9"><span class='ocrx_word' id='word_1_359' title='bbox 327 1748 497 1789; x_wconf 90' lang='lat' dir='ltr'><strong>peruenit.</strong></span> <span class='ocrx_word' id='word_1_360' title='bbox 545 1746 617 1785; x_wconf 90' lang='lat' dir='ltr'><strong>Qui</strong></span> <span class='ocrx_word' id='word_1_361' title='bbox 641 1757 722 1779; x_wconf 85' lang='lat' dir='ltr'><strong>mox</strong></span> <span class='ocrx_word' id='word_1_362' title='bbox 744 1746 828 1779; x_wconf 91' lang='lat' dir='ltr'><strong>licet</strong></span> <span class='ocrx_word' id='word_1_363' title='bbox 851 1747 1047 1780; x_wconf 87' lang='lat' dir='ltr'><strong>inconsulte</strong></span> <span class='ocrx_word' id='word_1_364' title='bbox 1073 1754 1226 1780; x_wconf 88' lang='lat' dir='ltr'><strong>montem</strong></span> <span class='ocrx_word' id='word_1_365' title='bbox 1248 1747 1398 1786; x_wconf 88' lang='lat' dir='ltr'><strong>subiens,</strong></span> <span class='ocrx_word' id='word_1_366' title='bbox 1422 1757 1488 1779; x_wconf 89' lang='lat' dir='ltr'><strong>nec</strong></span> <span class='ocrx_word' id='word_1_367' title='bbox 1504 1753 1663 1779; x_wconf 87' lang='lat' dir='ltr'><strong>metuens</strong></span> <span class='ocrx_word' id='word_1_368' title='bbox 1686 1747 1807 1779; x_wconf 91' lang='lat' dir='ltr'><strong>mortis</strong></span> <span class='ocrx_word' id='word_1_369' title='bbox 1823 1756 1997 1785; x_wconf 87' lang='lat' dir='ltr'><strong>occasum,</strong></span> <span class='ocrx_word' id='word_1_370' title='bbox 2021 1747 2170 1780; x_wconf 84' lang='lat' dir='ltr'><strong>hostium</strong></span> 
     </span>
     <span class='ocr_line' id='line_1_36' title="bbox 324 1799 2175 1844; baseline 0.002 -13"><span class='ocrx_word' id='word_1_371' title='bbox 324 1800 358 1832; x_wconf 91' lang='lat' dir='ltr'><strong>in</strong></span> <span class='ocrx_word' id='word_1_372' title='bbox 383 1801 497 1832; x_wconf 92' lang='lat' dir='ltr'><strong>medio</strong></span> <span class='ocrx_word' id='word_1_373' title='bbox 521 1811 557 1832; x_wconf 90' lang='lat' dir='ltr'><strong>se</strong></span> <span class='ocrx_word' id='word_1_374' title='bbox 582 1800 711 1833; x_wconf 90' lang='lat' dir='ltr'><strong>obiecit</strong></span> <span class='ocrx_word' id='word_1_375' title='bbox 735 1811 812 1833; x_wconf 90' lang='lat' dir='ltr'><strong>cum</strong></span> <span class='ocrx_word' id='word_1_376' title='bbox 837 1800 923 1839; x_wconf 85' lang='lat' dir='ltr'><strong>suis3</strong></span> <span class='ocrx_word' id='word_1_377' title='bbox 941 1811 1044 1844; x_wconf 90' lang='lat' dir='ltr'><strong>quem</strong></span> <span class='ocrx_word' id='word_1_378' title='bbox 1068 1806 1207 1833; x_wconf 81' lang='lat' dir='ltr'><strong>secutus</strong></span> <span class='ocrx_word' id='word_1_379' title='bbox 1230 1799 1431 1833; x_wconf 79' lang='lat' dir='ltr'><strong>Adenulfus</strong></span> <span class='ocrx_word' id='word_1_380' title='bbox 1455 1800 1544 1833; x_wconf 90' lang='lat' dir='ltr'><strong>filius</strong></span> <span class='ocrx_word' id='word_1_381' title='bbox 1567 1799 1779 1833; x_wconf 87' lang='lat' dir='ltr'><strong>Acerrarum</strong></span> <span class='ocrx_word' id='word_1_382' title='bbox 1804 1799 1942 1832; x_wconf 85' lang='lat' dir='ltr'><strong>comitis</strong></span> <span class='ocrx_word' id='word_1_383' title='bbox 1964 1806 2175 1834; x_wconf 83' lang='lat' dir='ltr'><strong>memoratus</strong></span> 
     </span>
     <span class='ocr_line' id='line_1_37' title="bbox 327 1853 2174 1898; baseline -0.001 -11"><span class='ocrx_word' id='word_1_384' title='bbox 327 1860 363 1887; x_wconf 89' lang='lat' dir='ltr'><strong>et</strong></span> <span class='ocrx_word' id='word_1_385' title='bbox 385 1855 542 1887; x_wconf 89' lang='lat' dir='ltr'><strong>nonnulli</strong></span> <span class='ocrx_word' id='word_1_386' title='bbox 566 1854 693 1886; x_wconf 91' lang='lat' dir='ltr'><strong>milites</strong></span> <span class='ocrx_word' id='word_1_387' title='bbox 717 1860 752 1887; x_wconf 89' lang='lat' dir='ltr'><strong>et</strong></span> <span class='ocrx_word' id='word_1_388' title='bbox 775 1855 926 1896; x_wconf 88' lang='lat' dir='ltr'><strong>pedites,</strong></span> <span class='ocrx_word' id='word_1_389' title='bbox 949 1855 1009 1897; x_wconf 87' lang='lat' dir='ltr'><strong>qui</strong></span> <span class='ocrx_word' id='word_1_390' title='bbox 1032 1855 1122 1887; x_wconf 89' lang='lat' dir='ltr'><strong>mori</strong></span> <span class='ocrx_word' id='word_1_391' title='bbox 1145 1865 1209 1897; x_wconf 90' lang='lat' dir='ltr'><strong>pro</strong></span> <span class='ocrx_word' id='word_1_392' title='bbox 1232 1855 1301 1887; x_wconf 91' lang='lat' dir='ltr'><strong>fide</strong></span> <span class='ocrx_word' id='word_1_393' title='bbox 1326 1855 1465 1887; x_wconf 88' lang='lat' dir='ltr'><strong>Cesaris</strong></span> <span class='ocrx_word' id='word_1_394' title='bbox 1481 1865 1552 1887; x_wconf 91' lang='lat' dir='ltr'><strong>non</strong></span> <span class='ocrx_word' id='word_1_395' title='bbox 1577 1853 1752 1892; x_wconf 86' lang='lat' dir='ltr'><strong>timebant,</strong></span> <span class='ocrx_word' id='word_1_396' title='bbox 1777 1859 1929 1886; x_wconf 90' lang='lat' dir='ltr'><strong>nostrum</strong></span> <span class='ocrx_word' id='word_1_397' title='bbox 1954 1853 2043 1887; x_wconf 86' lang='lat' dir='ltr'><strong>ictus</strong></span> <span class='ocrx_word' id='word_1_398' title='bbox 2058 1853 2174 1898; x_wconf 84' lang='lat' dir='ltr'><strong>repel-</strong></span> 
     </span>
     <span class='ocr_line' id='line_1_38' title="bbox 325 1907 2239 1952; baseline 0.002 -14"><span class='ocrx_word' id='word_1_399' title='bbox 325 1909 398 1940; x_wconf 89' lang='lat' dir='ltr'><strong>lere</strong></span> <span class='ocrx_word' id='word_1_400' title='bbox 421 1908 491 1940; x_wconf 84' lang='lat' dir='ltr'><strong>suis</strong></span> <span class='ocrx_word' id='word_1_401' title='bbox 507 1908 634 1941; x_wconf 82' lang='lat' dir='ltr'><strong>ictibus</strong></span> <span class='ocrx_word' id='word_1_402' title='bbox 659 1908 886 1940; x_wconf 87' lang='lat' dir='ltr'><strong>conabantur.</strong></span> <span class='ocrx_word' id='word_1_403' title='bbox 924 1907 986 1940; x_wconf 90' lang='lat' dir='ltr'><strong>Set</strong></span> <span class='ocrx_word' id='word_1_404' title='bbox 1003 1919 1082 1941; x_wconf 90' lang='lat' dir='ltr'><strong>cum</strong></span> <span class='ocrx_word' id='word_1_405' title='bbox 1104 1908 1202 1941; x_wconf 88' lang='lat' dir='ltr'><strong>locus</strong></span> <span class='ocrx_word' id='word_1_406' title='bbox 1217 1918 1288 1941; x_wconf 89' lang='lat' dir='ltr'><strong>non</strong></span> <span class='ocrx_word' id='word_1_407' title='bbox 1306 1916 1396 1940; x_wconf 88' lang='lat' dir='ltr'><strong>esset</strong></span> <span class='ocrx_word' id='word_1_408' title='bbox 1418 1909 1577 1952; x_wconf 89' lang='lat' dir='ltr'><strong>ydoneus</strong></span> <span class='ocrx_word' id='word_1_409' title='bbox 1593 1908 1637 1940; x_wconf 90' lang='lat' dir='ltr'><strong>ad</strong></span> <span class='ocrx_word' id='word_1_410' title='bbox 1655 1908 1890 1951; x_wconf 84' lang='lat' dir='ltr'><strong>pugnandum,</strong></span> <span class='ocrx_word' id='word_1_411' title='bbox 1908 1914 1944 1941; x_wconf 90' lang='lat' dir='ltr'><strong>et</strong></span> <span class='ocrx_word' id='word_1_412' title='bbox 1959 1908 2051 1940; x_wconf 86' lang='lat' dir='ltr'><strong>uiam</strong></span> <span class='ocrx_word' id='word_1_413' title='bbox 2066 1907 2173 1947; x_wconf 81' lang='lat' dir='ltr'><strong>illam,</strong></span> <span class='ocrx_word' id='word_1_414' title='bbox 2196 1909 2239 1942; x_wconf 81' lang='lat'><strong>³0</strong></span> 
     </span>
     <span class='ocr_line' id='line_1_39' title="bbox 325 1958 2293 2004; baseline 0.001 -11"><span class='ocrx_word' id='word_1_415' title='bbox 325 1972 393 2004; x_wconf 89' lang='lat' dir='ltr'><strong>qua</strong></span> <span class='ocrx_word' id='word_1_416' title='bbox 424 1962 492 1994; x_wconf 88' lang='lat' dir='ltr'><strong>itur</strong></span> <span class='ocrx_word' id='word_1_417' title='bbox 522 1962 567 1993; x_wconf 89' lang='lat' dir='ltr'><strong>ad</strong></span> <span class='ocrx_word' id='word_1_418' title='bbox 599 1961 763 1994; x_wconf 89' lang='lat' dir='ltr'><strong>Sanctam</strong></span> <span class='ocrx_word' id='word_1_419' title='bbox 795 1961 944 1994; x_wconf 84' lang='lat' dir='ltr'><strong>Mariam</strong></span> <span class='ocrx_word' id='word_1_420' title='bbox 970 1962 1014 1994; x_wconf 91' lang='lat' dir='ltr'><strong>de</strong></span> <span class='ocrx_word' id='word_1_421' title='bbox 1038 1960 1211 1994; x_wconf 88' lang='lat' dir='ltr'><strong>Albaneto</strong></span> <span class='ocrx_word' id='word_1_422' title='bbox 1224 1961 1248 2000; x_wconf 85' lang='lat'><strong>⁴,</strong></span> <span class='ocrx_word' id='word_1_423' title='bbox 1277 1961 1407 2004; x_wconf 72' lang='lat' dir='ltr'><strong>fugatis</strong></span> <span class='ocrx_word' id='word_1_424' title='bbox 1430 1960 1668 2003; x_wconf 85' lang='lat' dir='ltr'><strong>imperialibus</strong></span> <span class='ocrx_word' id='word_1_425' title='bbox 1695 1962 1739 1993; x_wconf 93' lang='lat' dir='ltr'><strong>de</strong></span> <span class='ocrx_word' id='word_1_426' title='bbox 1763 1961 1922 2003; x_wconf 87' lang='lat' dir='ltr'><strong>supernis</strong></span> <span class='ocrx_word' id='word_1_427' title='bbox 1944 1962 2082 2003; x_wconf 83' lang='lat' dir='ltr'><strong>papalis</strong></span> <span class='ocrx_word' id='word_1_428' title='bbox 2104 1962 2172 1995; x_wconf 87' lang='lat' dir='ltr'><strong>iam</strong></span> <span class='ocrx_word' id='word_1_429' title='bbox 2290 1958 2293 1965; x_wconf 61' lang='lat'><strong><em>⁴</em></strong></span> 
     </span>
     <span class='ocr_line' id='line_1_40' title="bbox 324 2014 2175 2058; baseline 0.001 -11"><span class='ocrx_word' id='word_1_430' title='bbox 324 2015 418 2047; x_wconf 89' lang='lat' dir='ltr'><strong>acies</strong></span> <span class='ocrx_word' id='word_1_431' title='bbox 441 2020 658 2057; x_wconf 87' lang='lat' dir='ltr'><strong>occupasset,</strong></span> <span class='ocrx_word' id='word_1_432' title='bbox 682 2025 760 2046; x_wconf 93' lang='lat' dir='ltr'><strong>cum</strong></span> <span class='ocrx_word' id='word_1_433' title='bbox 784 2025 828 2048; x_wconf 86' lang='lat' dir='ltr'><strong>ex</strong></span> <span class='ocrx_word' id='word_1_434' title='bbox 851 2015 1000 2047; x_wconf 89' lang='lat' dir='ltr'><strong>aduerso</strong></span> <span class='ocrx_word' id='word_1_435' title='bbox 1024 2015 1295 2048; x_wconf 87' lang='lat' dir='ltr'><strong>ascendentibus</strong></span> <span class='ocrx_word' id='word_1_436' title='bbox 1311 2015 1382 2058; x_wconf 91' lang='lat' dir='ltr'><strong>ipse</strong></span> <span class='ocrx_word' id='word_1_437' title='bbox 1399 2014 1599 2047; x_wconf 86' lang='lat' dir='ltr'><strong>iustitiarius</strong></span> <span class='ocrx_word' id='word_1_438' title='bbox 1623 2014 1760 2047; x_wconf 86' lang='lat' dir='ltr'><strong>obstare</strong></span> <span class='ocrx_word' id='word_1_439' title='bbox 1776 2025 1846 2046; x_wconf 90' lang='lat' dir='ltr'><strong>non</strong></span> <span class='ocrx_word' id='word_1_440' title='bbox 1871 2020 2000 2057; x_wconf 86' lang='lat' dir='ltr'><strong>posset,</strong></span> <span class='ocrx_word' id='word_1_441' title='bbox 2022 2020 2175 2048; x_wconf 87' lang='lat' dir='ltr'><strong>retroce-</strong></span> 
     </span>
     <span class='ocr_line' id='line_1_41' title="bbox 324 2067 2174 2110; baseline 0.001 -10"><span class='ocrx_word' id='word_1_442' title='bbox 324 2069 407 2101; x_wconf 86' lang='lat' dir='ltr'><strong>dere</strong></span> <span class='ocrx_word' id='word_1_443' title='bbox 431 2079 500 2100; x_wconf 92' lang='lat' dir='ltr'><strong>non</strong></span> <span class='ocrx_word' id='word_1_444' title='bbox 516 2069 589 2100; x_wconf 90' lang='lat' dir='ltr'><strong>sine</strong></span> <span class='ocrx_word' id='word_1_445' title='bbox 606 2078 746 2100; x_wconf 89' lang='lat' dir='ltr'><strong>suorum</strong></span> <span class='ocrx_word' id='word_1_446' title='bbox 770 2068 872 2100; x_wconf 88' lang='lat' dir='ltr'><strong>clade</strong></span> <span class='ocrx_word' id='word_1_447' title='bbox 898 2074 1040 2100; x_wconf 89' lang='lat' dir='ltr'><strong>coactus</strong></span> <span class='ocrx_word' id='word_1_448' title='bbox 1058 2074 1125 2106; x_wconf 87' lang='lat' dir='ltr'><strong>est;</strong></span> <span class='ocrx_word' id='word_1_449' title='bbox 1151 2074 1187 2100; x_wconf 90' lang='lat' dir='ltr'><strong>et</strong></span> <span class='ocrx_word' id='word_1_450' title='bbox 1209 2073 1292 2101; x_wconf 90' lang='lat' dir='ltr'><strong>tunc</strong></span> <span class='ocrx_word' id='word_1_451' title='bbox 1316 2078 1395 2101; x_wconf 90' lang='lat' dir='ltr'><strong>cum</strong></span> <span class='ocrx_word' id='word_1_452' title='bbox 1418 2068 1493 2110; x_wconf 87' lang='lat' dir='ltr'><strong>ipso</strong></span> <span class='ocrx_word' id='word_1_453' title='bbox 1518 2067 1697 2100; x_wconf 74' lang='lat' dir='ltr'><strong>Adenulfo</strong></span> <span class='ocrx_word' id='word_1_454' title='bbox 1721 2068 1935 2100; x_wconf 91' lang='lat' dir='ltr'><strong>Acerrarum</strong></span> <span class='ocrx_word' id='word_1_455' title='bbox 1952 2067 2088 2101; x_wconf 85' lang='lat' dir='ltr'><strong>comitis</strong></span> <span class='ocrx_word' id='word_1_456' title='bbox 2103 2068 2174 2102; x_wconf 83' lang='lat' dir='ltr'><strong>filio</strong></span> 
     </span>
     <span class='ocr_line' id='line_1_42' title="bbox 323 2121 2175 2165; baseline 0.001 -12"><span class='ocrx_word' id='word_1_457' title='bbox 323 2122 358 2153; x_wconf 91' lang='lat' dir='ltr'><strong>in</strong></span> <span class='ocrx_word' id='word_1_458' title='bbox 382 2121 526 2153; x_wconf 88' lang='lat' dir='ltr'><strong>brachio</strong></span> <span class='ocrx_word' id='word_1_459' title='bbox 550 2122 731 2153; x_wconf 87' lang='lat' dir='ltr'><strong>uulnerato</strong></span> <span class='ocrx_word' id='word_1_460' title='bbox 755 2128 789 2154; x_wconf 89' lang='lat' dir='ltr'><strong>et</strong></span> <span class='ocrx_word' id='word_1_461' title='bbox 813 2131 858 2153; x_wconf 90' lang='lat' dir='ltr'><strong>ex</strong></span> <span class='ocrx_word' id='word_1_462' title='bbox 885 2121 954 2153; x_wconf 89' lang='lat' dir='ltr'><strong>suis</strong></span> <span class='ocrx_word' id='word_1_463' title='bbox 977 2122 1163 2153; x_wconf 89' lang='lat' dir='ltr'><strong>admodum</strong></span> <span class='ocrx_word' id='word_1_464' title='bbox 1195 2121 1316 2163; x_wconf 87' lang='lat' dir='ltr'><strong>paucis</strong></span> <span class='ocrx_word' id='word_1_465' title='bbox 1338 2121 1373 2154; x_wconf 93' lang='lat' dir='ltr'><strong>in</strong></span> <span class='ocrx_word' id='word_1_466' title='bbox 1396 2121 1489 2153; x_wconf 85' lang='lat' dir='ltr'><strong>uallo</strong></span> <span class='ocrx_word' id='word_1_467' title='bbox 1513 2121 1712 2154; x_wconf 89' lang='lat' dir='ltr'><strong>Casinensis</strong></span> <span class='ocrx_word' id='word_1_468' title='bbox 1734 2121 1935 2153; x_wconf 90' lang='lat' dir='ltr'><strong>monasterii</strong></span> <span class='ocrx_word' id='word_1_469' title='bbox 1966 2131 2003 2154; x_wconf 85' lang='lat' dir='ltr'><strong>se</strong></span> <span class='ocrx_word' id='word_1_470' title='bbox 2026 2121 2175 2165; x_wconf 85' lang='lat' dir='ltr'><strong>recepit,</strong></span> 
     </span>
     <span class='ocr_line' id='line_1_43' title="bbox 322 2173 2299 2221; baseline 0.001 -14"><span class='ocrx_word' id='word_1_471' title='bbox 322 2175 380 2207; x_wconf 93' lang='lat' dir='ltr'><strong>ubi</strong></span> <span class='ocrx_word' id='word_1_472' title='bbox 406 2187 467 2218; x_wconf 91' lang='lat' dir='ltr'><strong>per</strong></span> <span class='ocrx_word' id='word_1_473' title='bbox 491 2175 604 2217; x_wconf 89' lang='lat' dir='ltr'><strong>ipsum</strong></span> <span class='ocrx_word' id='word_1_474' title='bbox 627 2175 847 2207; x_wconf 87' lang='lat' dir='ltr'><strong>iustitiarium</strong></span> <span class='ocrx_word' id='word_1_475' title='bbox 864 2175 1012 2208; x_wconf 89' lang='lat' dir='ltr'><strong>Iacobus</strong></span> <span class='ocrx_word' id='word_1_476' title='bbox 1029 2175 1254 2208; x_wconf 84' lang='lat' dir='ltr'><strong>Sinibaldus⁵</strong></span> <span class='ocrx_word' id='word_1_477' title='bbox 1277 2181 1392 2208; x_wconf 88' lang='lat' dir='ltr'><strong>custos</strong></span> <span class='ocrx_word' id='word_1_478' title='bbox 1413 2175 1527 2207; x_wconf 78' lang='lat' dir='ltr'><strong>fuerat</strong></span> <span class='ocrx_word' id='word_1_479' title='bbox 1544 2174 1734 2210; x_wconf 87' lang='lat' dir='ltr'><strong>institutus;</strong></span> <span class='ocrx_word' id='word_1_480' title='bbox 1760 2174 1915 2217; x_wconf 85' lang='lat' dir='ltr'><strong>reliquos</strong></span> <span class='ocrx_word' id='word_1_481' title='bbox 1930 2184 2050 2207; x_wconf 87' lang='lat' dir='ltr'><strong>uersus</strong></span> <span class='ocrx_word' id='word_1_482' title='bbox 2063 2173 2174 2208; x_wconf 87' lang='lat' dir='ltr'><strong>Sanc·</strong></span> <span class='ocrx_word' id='word_1_483' title='bbox 2196 2175 2237 2208; x_wconf 81' lang='lat'><strong>35</strong></span> <span class='ocrx_word' id='word_1_484' title='bbox 2285 2207 2299 2221; x_wconf 11' lang='grc' dir='ltr'><strong>Ἴ,</strong></span> 
     </span>
     <span class='ocr_line' id='line_1_44' title="bbox 324 2227 2174 2272; baseline 0.001 -11"><span class='ocrx_word' id='word_1_485' title='bbox 324 2236 393 2261; x_wconf 90' lang='lat' dir='ltr'><strong>tum</strong></span> <span class='ocrx_word' id='word_1_486' title='bbox 419 2230 631 2261; x_wconf 90' lang='lat' dir='ltr'><strong>Germanum</strong></span> <span class='ocrx_word' id='word_1_487' title='bbox 656 2229 700 2260; x_wconf 93' lang='lat' dir='ltr'><strong>ad</strong></span> <span class='ocrx_word' id='word_1_488' title='bbox 718 2229 837 2272; x_wconf 82' lang='lat' dir='ltr'><strong>fugam</strong></span> <span class='ocrx_word' id='word_1_489' title='bbox 855 2228 1063 2271; x_wconf 86' lang='lat' dir='ltr'><strong>cogentibus</strong></span> <span class='ocrx_word' id='word_1_490' title='bbox 1079 2228 1136 2272; x_wconf 91' lang='lat' dir='ltr'><strong>qui</strong></span> <span class='ocrx_word' id='word_1_491' title='bbox 1154 2228 1348 2261; x_wconf 88' lang='lat' dir='ltr'><strong>habuerant</strong></span> <span class='ocrx_word' id='word_1_492' title='bbox 1365 2229 1408 2260; x_wconf 93' lang='lat' dir='ltr'><strong>de</strong></span> <span class='ocrx_word' id='word_1_493' title='bbox 1424 2227 1539 2260; x_wconf 88' lang='lat' dir='ltr'><strong>Marte</strong></span> <span class='ocrx_word' id='word_1_494' title='bbox 1557 2228 1780 2270; x_wconf 89' lang='lat' dir='ltr'><strong>triumphum.</strong></span> <span class='ocrx_word' id='word_1_495' title='bbox 1828 2227 1927 2266; x_wconf 88' lang='lat' dir='ltr'><strong>Quos</strong></span> <span class='ocrx_word' id='word_1_496' title='bbox 1944 2228 2039 2260; x_wconf 89' lang='lat' dir='ltr'><strong>ciues</strong></span> <span class='ocrx_word' id='word_1_497' title='bbox 2054 2227 2174 2262; x_wconf 82' lang='lat' dir='ltr'><strong>Sancti</strong></span> 
     </span>
     <span class='ocr_line' id='line_1_45' title="bbox 323 2281 2174 2324; baseline 0 -9"><span class='ocrx_word' id='word_1_498' title='bbox 323 2282 487 2315; x_wconf 88' lang='lat' dir='ltr'><strong>Germani</strong></span> <span class='ocrx_word' id='word_1_499' title='bbox 504 2282 562 2324; x_wconf 91' lang='lat' dir='ltr'><strong>qui</strong></span> <span class='ocrx_word' id='word_1_500' title='bbox 578 2283 717 2314; x_wconf 85' lang='lat' dir='ltr'><strong>Cesaris</strong></span> <span class='ocrx_word' id='word_1_501' title='bbox 732 2281 835 2314; x_wconf 87' lang='lat' dir='ltr'><strong>fidem</strong></span> <span class='ocrx_word' id='word_1_502' title='bbox 852 2281 1038 2315; x_wconf 86' lang='lat' dir='ltr'><strong>seruabant</strong></span> <span class='ocrx_word' id='word_1_503' title='bbox 1054 2282 1263 2314; x_wconf 83' lang='lat' dir='ltr'><strong>unanimiter</strong></span> <span class='ocrx_word' id='word_1_504' title='bbox 1279 2287 1514 2324; x_wconf 87' lang='lat' dir='ltr'><strong>receptantes,</strong></span> <span class='ocrx_word' id='word_1_505' title='bbox 1528 2292 1603 2314; x_wconf 91' lang='lat' dir='ltr'><strong>cum</strong></span> <span class='ocrx_word' id='word_1_506' title='bbox 1619 2281 1688 2314; x_wconf 87' lang='lat' dir='ltr'><strong>suis</strong></span> <span class='ocrx_word' id='word_1_507' title='bbox 1701 2281 1858 2314; x_wconf 86' lang='lat' dir='ltr'><strong>omnibus</strong></span> <span class='ocrx_word' id='word_1_508' title='bbox 1870 2282 1985 2314; x_wconf 87' lang='lat' dir='ltr'><strong>saluos</strong></span> <span class='ocrx_word' id='word_1_509' title='bbox 2001 2282 2174 2321; x_wconf 75' lang='lat' dir='ltr'><strong>fecerunt,</strong></span> 
     </span>
     <span class='ocr_line' id='line_1_46' title="bbox 324 2328 2173 2380; baseline 0.001 -13"><span class='ocrx_word' id='word_1_510' title='bbox 324 2343 357 2367; x_wconf 91' lang='lat' dir='ltr'><strong>et</strong></span> <span class='ocrx_word' id='word_1_511' title='bbox 373 2347 414 2367; x_wconf 91' lang='lat' dir='ltr'><strong>ea</strong></span> <span class='ocrx_word' id='word_1_512' title='bbox 438 2334 507 2374; x_wconf 92' lang='lat' dir='ltr'><strong>die,</strong></span> <span class='ocrx_word' id='word_1_513' title='bbox 530 2346 738 2379; x_wconf 89' lang='lat' dir='ltr'><strong>quamquam</strong></span> <span class='ocrx_word' id='word_1_514' title='bbox 765 2336 858 2368; x_wconf 87' lang='lat' dir='ltr'><strong>diros</strong></span> <span class='ocrx_word' id='word_1_515' title='bbox 875 2341 910 2367; x_wconf 89' lang='lat' dir='ltr'><strong>et</strong></span> <span class='ocrx_word' id='word_1_516' title='bbox 927 2336 1033 2368; x_wconf 88' lang='lat' dir='ltr'><strong>duros</strong></span> <span class='ocrx_word' id='word_1_517' title='bbox 1057 2341 1258 2378; x_wconf 88' lang='lat' dir='ltr'><strong>paterentur</strong></span> <span class='ocrx_word' id='word_1_518' title='bbox 1274 2335 1421 2368; x_wconf 88' lang='lat' dir='ltr'><strong>insultus</strong></span> <span class='ocrx_word' id='word_1_519' title='bbox 1437 2335 1481 2367; x_wconf 89' lang='lat' dir='ltr'><strong>ab</strong></span> <span class='ocrx_word' id='word_1_520' title='bbox 1498 2335 1669 2374; x_wconf 88' lang='lat' dir='ltr'><strong>hostibus,</strong></span> <span class='ocrx_word' id='word_1_521' title='bbox 1697 2335 1744 2367; x_wconf 88' lang='lat' dir='ltr'><strong>ita</strong></span> <span class='ocrx_word' id='word_1_522' title='bbox 1760 2328 1855 2378; x_wconf 86' lang='lat' dir='ltr'><strong>quod</strong></span> <span class='ocrx_word' id='word_1_523' title='bbox 1882 2346 1982 2368; x_wconf 84' lang='lat' dir='ltr'><strong>enses</strong></span> <span class='ocrx_word' id='word_1_524' title='bbox 1997 2335 2114 2380; x_wconf 83' lang='lat' dir='ltr'><strong>ignem</strong></span> <span class='ocrx_word' id='word_1_525' title='bbox 2138 2341 2173 2368; x_wconf 86' lang='lat' dir='ltr'><strong>et</strong></span> 
     </span>
    </p>
   </div>
   <div class='ocr_carea' id='block_1_6' title="bbox 380 2411 500 2413">
    <p class='ocr_par' dir='ltr' id='par_1_6' title="bbox 380 2411 500 2413">
     <span class='ocr_line' id='line_1_47' title="bbox 380 2411 500 2413; baseline 0 0"><span class='ocrx_word' id='word_1_526' title='bbox 380 2411 500 2413; x_wconf 95' lang='lat' dir='ltr'><strong> </strong></span> 
     </span>
    </p>
   </div>
   <div class='ocr_carea' id='block_1_7' title="bbox 503 2411 583 2413">
    <p class='ocr_par' dir='ltr' id='par_1_7' title="bbox 503 2411 583 2413">
     <span class='ocr_line' id='line_1_48' title="bbox 503 2411 583 2413; baseline 0 0"><span class='ocrx_word' id='word_1_527' title='bbox 503 2411 583 2413; x_wconf 95' lang='lat' dir='ltr'><strong> </strong></span> 
     </span>
    </p>
   </div>
   <div class='ocr_carea' id='block_1_8' title="bbox 586 2410 746 2414">
    <p class='ocr_par' dir='ltr' id='par_1_8' title="bbox 586 2410 746 2414">
     <span class='ocr_line' id='line_1_49' title="bbox 586 2410 746 2414; baseline 0 0"><span class='ocrx_word' id='word_1_528' title='bbox 586 2410 746 2414; x_wconf 95' lang='lat' dir='ltr'><strong> </strong></span> 
     </span>
    </p>
   </div>
   <div class='ocr_carea' id='block_1_9' title="bbox 322 2448 2178 2564">
    <p class='ocr_par' dir='ltr' id='par_1_9' title="bbox 322 2448 2178 2564">
     <span class='ocr_line' id='line_1_50' title="bbox 411 2448 2178 2481; baseline 0.001 -9"><span class='ocrx_word' id='word_1_529' title='bbox 411 2455 435 2480; x_wconf 82' lang='lat'><strong>5.</strong></span> <span class='ocrx_word' id='word_1_530' title='bbox 454 2449 656 2473; x_wconf 82' lang='lat' dir='ltr'><strong>descendentes</strong></span> <span class='ocrx_word' id='word_1_531' title='bbox 678 2449 762 2479; x_wconf 62' lang='lat' dir='ltr'><strong>Uen„</strong></span> <span class='ocrx_word' id='word_1_532' title='bbox 782 2449 845 2474; x_wconf 71' lang='lat' dir='ltr'><strong>Dar.</strong></span> <span class='ocrx_word' id='word_1_533' title='bbox 863 2449 908 2474; x_wconf 75' lang='lat' dir='ltr'><strong>Rs</strong></span> <span class='ocrx_word' id='word_1_534' title='bbox 928 2462 961 2466; x_wconf 90' lang='lat'><strong>—</strong></span> <span class='ocrx_word' id='word_1_535' title='bbox 981 2448 1006 2473; x_wconf 87' lang='grc'><strong>8.</strong></span> <span class='ocrx_word' id='word_1_536' title='bbox 1025 2448 1173 2481; x_wconf 88' lang='lat' dir='ltr'><strong>proficeret</strong></span> <span class='ocrx_word' id='word_1_537' title='bbox 1192 2449 1268 2473; x_wconf 75' lang='lat' dir='ltr'><strong>Uen.</strong></span> <span class='ocrx_word' id='word_1_538' title='bbox 1291 2462 1319 2466; x_wconf 77' lang='lat'><strong>—-</strong></span> <span class='ocrx_word' id='word_1_539' title='bbox 1344 2455 1383 2472; x_wconf 91' lang='lat'><strong>10.</strong></span> <span class='ocrx_word' id='word_1_540' title='bbox 1404 2450 1462 2473; x_wconf 74' lang='lat' dir='ltr'><strong>Nel</strong></span> <span class='ocrx_word' id='word_1_541' title='bbox 1479 2448 1605 2480; x_wconf 73' lang='lat' dir='ltr'><strong>margine</strong></span> <span class='ocrx_word' id='word_1_542' title='bbox 1624 2449 1654 2472; x_wconf 83' lang='lat' dir='ltr'><strong>di</strong></span> <span class='ocrx_word' id='word_1_543' title='bbox 1671 2449 1785 2473; x_wconf 78' lang='lat' dir='ltr'><strong>sinistra</strong></span> <span class='ocrx_word' id='word_1_544' title='bbox 1804 2457 1818 2473; x_wconf 77' lang='lat' dir='ltr'><strong>e</strong></span> <span class='ocrx_word' id='word_1_545' title='bbox 1836 2449 1867 2472; x_wconf 83' lang='lat' dir='ltr'><strong>di</strong></span> <span class='ocrx_word' id='word_1_546' title='bbox 1884 2456 1960 2473; x_wconf 81' lang='lat' dir='ltr'><strong>mano</strong></span> <span class='ocrx_word' id='word_1_547' title='bbox 1978 2449 2024 2473; x_wconf 78' lang='lat' dir='ltr'><strong>del</strong></span> <span class='ocrx_word' id='word_1_548' title='bbox 2035 2457 2086 2474; x_wconf 77' lang='lat' dir='ltr'><strong>sec.</strong></span> <span class='ocrx_word' id='word_1_549' title='bbox 2099 2448 2178 2474; x_wconf 74' lang='lat' dir='ltr'><strong>XV!</strong></span> 
     </span>
     <span class='ocr_line' id='line_1_51' title="bbox 322 2489 2169 2523; baseline 0.001 -9"><span class='ocrx_word' id='word_1_550' title='bbox 322 2491 347 2515; x_wconf 81' lang='lat' dir='ltr'><strong>si</strong></span> <span class='ocrx_word' id='word_1_551' title='bbox 364 2492 462 2523; x_wconf 73' lang='lat' dir='ltr'><strong>legge:</strong></span> <span class='ocrx_word' id='word_1_552' title='bbox 487 2491 499 2503; x_wconf 82' lang='lat'>“</span> <span class='ocrx_word' id='word_1_553' title='bbox 510 2491 675 2515; x_wconf 85' lang='lat' dir='ltr'><strong>Destructio</strong></span> <span class='ocrx_word' id='word_1_554' title='bbox 695 2493 850 2515; x_wconf 86' lang='lat' dir='ltr'><strong>castrorum</strong></span> <span class='ocrx_word' id='word_1_555' title='bbox 871 2491 1053 2515; x_wconf 84' lang='lat' dir='ltr'><strong>Plumbarole</strong></span> <span class='ocrx_word' id='word_1_556' title='bbox 1072 2492 1100 2515; x_wconf 86' lang='lat' dir='ltr'><strong>et</strong></span> <span class='ocrx_word' id='word_1_557' title='bbox 1119 2489 1253 2515; x_wconf 83' lang='lat' dir='ltr'><strong>Therami</strong></span> <span class='ocrx_word' id='word_1_558' title='bbox 1266 2509 1279 2521; x_wconf 88' lang='lat'>„</span> <span class='ocrx_word' id='word_1_559' title='bbox 1302 2504 1334 2508; x_wconf 98' lang='lat'><strong>—</strong></span> <span class='ocrx_word' id='word_1_560' title='bbox 1357 2497 1397 2515; x_wconf 86' lang='lat'><strong>11.</strong></span> <span class='ocrx_word' id='word_1_561' title='bbox 1417 2491 1524 2523; x_wconf 82' lang='lat' dir='ltr'><strong>optime</strong></span> <span class='ocrx_word' id='word_1_562' title='bbox 1538 2497 1567 2514; x_wconf 86' lang='lat' dir='ltr'><strong>se</strong></span> <span class='ocrx_word' id='word_1_563' title='bbox 1580 2490 1655 2515; x_wconf 77' lang='lat' dir='ltr'><strong>Utffl.</strong></span> <span class='ocrx_word' id='word_1_564' title='bbox 1670 2499 1683 2514; x_wconf 80' lang='lat' dir='ltr'><strong>e</strong></span> <span class='ocrx_word' id='word_1_565' title='bbox 1696 2490 1794 2515; x_wconf 67' lang='lat' dir='ltr'><strong>PER-rz</strong></span> <span class='ocrx_word' id='word_1_566' title='bbox 1809 2503 1842 2509; x_wconf 80' lang='lat'>—</span> <span class='ocrx_word' id='word_1_567' title='bbox 1858 2489 1898 2515; x_wconf 87' lang='lat'><strong>16.</strong></span> <span class='ocrx_word' id='word_1_568' title='bbox 1912 2490 1968 2515; x_wconf 83' lang='lat' dir='ltr'><strong>uiri</strong></span> <span class='ocrx_word' id='word_1_569' title='bbox 1983 2489 2079 2515; x_wconf 75' lang='lat' dir='ltr'><strong>fideles</strong></span> <span class='ocrx_word' id='word_1_570' title='bbox 2093 2490 2169 2516; x_wconf 69' lang='grc' dir='ltr'><strong>ΗΘΒ.</strong></span> 
     </span>
     <span class='ocr_line' id='line_1_52' title="bbox 324 2531 2016 2564; baseline 0 -8"><span class='ocrx_word' id='word_1_571' title='bbox 324 2547 356 2550; x_wconf 94' lang='grc'>-</span> <span class='ocrx_word' id='word_1_572' title='bbox 379 2538 418 2563; x_wconf 88' lang='grc'>17.</span> <span class='ocrx_word' id='word_1_573' title='bbox 438 2539 502 2556; x_wconf 84' lang='lat' dir='ltr'>xv11</span> <span class='ocrx_word' id='word_1_574' title='bbox 522 2533 568 2556; x_wconf 89' lang='lat' dir='ltr'><strong>die</strong></span> <span class='ocrx_word' id='word_1_575' title='bbox 588 2534 699 2557; x_wconf 85' lang='lat' dir='ltr'><strong>veneris</strong></span> <span class='ocrx_word' id='word_1_576' title='bbox 718 2533 796 2558; x_wconf 73' lang='lat' dir='ltr'><strong>Uen.</strong></span> <span class='ocrx_word' id='word_1_577' title='bbox 816 2547 847 2550; x_wconf 89' lang='lat'><strong>·-</strong></span> <span class='ocrx_word' id='word_1_578' title='bbox 871 2533 910 2557; x_wconf 87' lang='grc'>18.</span> <span class='ocrx_word' id='word_1_579' title='bbox 928 2533 1040 2557; x_wconf 80' lang='lat' dir='ltr'><strong>sabbati</strong></span> <span class='ocrx_word' id='word_1_580' title='bbox 1060 2541 1154 2557; x_wconf 81' lang='lat' dir='ltr'><strong>manca</strong></span> <span class='ocrx_word' id='word_1_581' title='bbox 1174 2532 1251 2557; x_wconf 76' lang='lat' dir='ltr'><strong>Uon.</strong></span> <span class='ocrx_word' id='word_1_582' title='bbox 1271 2546 1303 2549; x_wconf 97' lang='lat'><strong>—</strong></span> <span class='ocrx_word' id='word_1_583' title='bbox 1326 2538 1367 2556; x_wconf 81' lang='lat'><strong>20.</strong></span> <span class='ocrx_word' id='word_1_584' title='bbox 1389 2533 1563 2556; x_wconf 85' lang='lat' dir='ltr'><strong>inducebant</strong></span> <span class='ocrx_word' id='word_1_585' title='bbox 1583 2532 1658 2557; x_wconf 70' lang='lat' dir='ltr'><strong>Uen.</strong></span> <span class='ocrx_word' id='word_1_586' title='bbox 1678 2546 1713 2550; x_wconf 96' lang='lat'><strong>—</strong></span> <span class='ocrx_word' id='word_1_587' title='bbox 1731 2539 1775 2564; x_wconf 88' lang='lat'><strong>3¹·</strong></span> <span class='ocrx_word' id='word_1_588' title='bbox 1793 2532 1920 2557; x_wconf 83' lang='lat' dir='ltr'><strong>Alaneto</strong></span> <span class='ocrx_word' id='word_1_589' title='bbox 1939 2531 2016 2556; x_wconf 72' lang='lat' dir='ltr'><strong>Uen.</strong></span> 
     </span>
    </p>
   </div>
   <div class='ocr_carea' id='block_1_10' title="bbox 322 2634 2233 2794">
    <p class='ocr_par' dir='ltr' id='par_1_10' title="bbox 322 2634 2233 2794">
     <span class='ocr_line' id='line_1_53' title="bbox 413 2634 2173 2668; baseline 0 -9"><span class='ocrx_word' id='word_1_590' title='bbox 413 2634 417 2649; x_wconf 94' lang='lat'>¹</span> <span class='ocrx_word' id='word_1_591' title='bbox 440 2635 527 2660; x_wconf 88' lang='lat' dir='ltr'><strong>Forse</strong></span> <span class='ocrx_word' id='word_1_592' title='bbox 548 2643 606 2660; x_wconf 89' lang='lat' dir='ltr'><strong>non</strong></span> <span class='ocrx_word' id='word_1_593' title='bbox 626 2634 641 2660; x_wconf 71' lang='lat' dir='ltr'><strong>&#39;e</strong></span> <span class='ocrx_word' id='word_1_594' title='bbox 662 2636 727 2660; x_wconf 86' lang='lat' dir='ltr'><strong>fuor</strong></span> <span class='ocrx_word' id='word_1_595' title='bbox 746 2636 774 2660; x_wconf 89' lang='lat' dir='ltr'><strong>di</strong></span> <span class='ocrx_word' id='word_1_596' title='bbox 797 2636 885 2668; x_wconf 86' lang='lat' dir='ltr'><strong>luogo</strong></span> <span class='ocrx_word' id='word_1_597' title='bbox 905 2636 927 2660; x_wconf 85' lang='grc'><strong>11</strong></span> <span class='ocrx_word' id='word_1_598' title='bbox 943 2637 1073 2668; x_wconf 85' lang='lat' dir='ltr'><strong>sospetto</strong></span> <span class='ocrx_word' id='word_1_599' title='bbox 1087 2635 1138 2660; x_wconf 88' lang='lat' dir='ltr'><strong>che</strong></span> <span class='ocrx_word' id='word_1_600' title='bbox 1151 2635 1219 2659; x_wconf 90' lang='lat' dir='ltr'><strong>Mo·</strong></span> <span class='ocrx_word' id='word_1_601' title='bbox 1275 2635 1418 2660; x_wconf 81' lang='lat' dir='ltr'><strong>Germano</strong></span> <span class='ocrx_word' id='word_1_602' title='bbox 1441 2636 1469 2660; x_wconf 84' lang='lat' dir='ltr'><strong>su</strong></span> <span class='ocrx_word' id='word_1_603' title='bbox 1490 2635 1568 2660; x_wconf 80' lang='lat' dir='ltr'><strong>detta</strong></span> <span class='ocrx_word' id='word_1_604' title='bbox 1588 2636 1682 2668; x_wconf 81' lang='lat' dir='ltr'><strong>prima</strong></span> <span class='ocrx_word' id='word_1_605' title='bbox 1701 2635 1731 2660; x_wconf 85' lang='lat' dir='ltr'><strong>dl</strong></span> <span class='ocrx_word' id='word_1_606' title='bbox 1751 2634 1919 2667; x_wconf 83' lang='lat' dir='ltr'><strong>quest&#39;anno</strong></span> <span class='ocrx_word' id='word_1_607' title='bbox 1937 2634 1966 2660; x_wconf 79' lang='lat' dir='ltr'><strong>S.</strong></span> <span class='ocrx_word' id='word_1_608' title='bbox 1985 2635 2094 2660; x_wconf 76' lang='lat' dir='ltr'><strong>Matteo</strong></span> <span class='ocrx_word' id='word_1_609' title='bbox 2114 2634 2173 2660; x_wconf 75' lang='lat' dir='ltr'><strong>“de</strong></span> 
     </span>
     <span class='ocr_line' id='line_1_54' title="bbox 323 2677 2233 2711; baseline 0.001 -10"><span class='ocrx_word' id='word_1_610' title='bbox 323 2680 499 2702; x_wconf 84' lang='lat' dir='ltr'><strong>numento</strong></span> <span class='ocrx_word' id='word_1_611' title='bbox 526 2678 582 2702; x_wconf 84' lang='lat' dir='ltr'><strong>stia</strong></span> <span class='ocrx_word' id='word_1_612' title='bbox 608 2678 642 2702; x_wconf 87' lang='lat' dir='ltr'><strong>ad</strong></span> <span class='ocrx_word' id='word_1_613' title='bbox 669 2679 797 2703; x_wconf 87' lang='lat' dir='ltr'><strong>indicare</strong></span> <span class='ocrx_word' id='word_1_614' title='bbox 823 2678 1004 2703; x_wconf 75' lang='lat' dir='ltr'><strong>l’ansiteatro</strong></span> <span class='ocrx_word' id='word_1_615' title='bbox 1030 2678 1058 2702; x_wconf 92' lang='lat' dir='ltr'><strong>di</strong></span> <span class='ocrx_word' id='word_1_616' title='bbox 1087 2677 1222 2707; x_wconf 78' lang='lat' dir='ltr'><strong>Cass1no,</strong></span> <span class='ocrx_word' id='word_1_617' title='bbox 1278 2677 1475 2708; x_wconf 77' lang='lat' dir='ltr'><strong>“Castello„;</strong></span> <span class='ocrx_word' id='word_1_618' title='bbox 1495 2677 1532 2703; x_wconf 73' lang='lat' dir='ltr'><strong>cf.</strong></span> <span class='ocrx_word' id='word_1_619' title='bbox 1553 2678 1674 2710; x_wconf 78' lang='lat' dir='ltr'><strong>Regesto</strong></span> <span class='ocrx_word' id='word_1_620' title='bbox 1693 2678 1725 2702; x_wconf 78' lang='lat' dir='ltr'><strong>di</strong></span> <span class='ocrx_word' id='word_1_621' title='bbox 1747 2677 1893 2701; x_wconf 66' lang='lat' dir='ltr'><strong>Tomuaso</strong></span> <span class='ocrx_word' id='word_1_622' title='bbox 1912 2678 2032 2706; x_wconf 79' lang='lat' dir='ltr'><strong>Decano,</strong></span> <span class='ocrx_word' id='word_1_623' title='bbox 2057 2684 2105 2711; x_wconf 80' lang='lat' dir='ltr'><strong>pp.</strong></span> <span class='ocrx_word' id='word_1_624' title='bbox 2130 2683 2173 2710; x_wconf 80' lang='lat'><strong>42,</strong></span> <span class='ocrx_word' id='word_1_625' title='bbox 2203 2682 2233 2710; x_wconf 80' lang='lat'><strong>¹5</strong></span> 
     </span>
     <span class='ocr_line' id='line_1_55' title="bbox 322 2719 1612 2753; baseline 0.002 -10"><span class='ocrx_word' id='word_1_626' title='bbox 322 2720 372 2743; x_wconf 89' lang='lat' dir='ltr'><strong>che</strong></span> <span class='ocrx_word' id='word_1_627' title='bbox 391 2719 423 2744; x_wconf 83' lang='lat' dir='ltr'><strong>R.</strong></span> <span class='ocrx_word' id='word_1_628' title='bbox 451 2723 542 2744; x_wconf 85' lang='lat' dir='ltr'><strong>stesso</strong></span> <span class='ocrx_word' id='word_1_629' title='bbox 568 2721 716 2745; x_wconf 80' lang='lat' dir='ltr'><strong>nell&#39;anno</strong></span> <span class='ocrx_word' id='word_1_630' title='bbox 745 2728 809 2753; x_wconf 87' lang='lat'>1231</span> <span class='ocrx_word' id='word_1_631' title='bbox 838 2721 901 2745; x_wconf 84' lang='lat' dir='ltr'><strong>dice</strong></span> <span class='ocrx_word' id='word_1_632' title='bbox 925 2720 956 2745; x_wconf 76' lang='lat' dir='ltr'><strong>di</strong></span> <span class='ocrx_word' id='word_1_633' title='bbox 979 2721 1132 2745; x_wconf 81' lang='lat' dir='ltr'><strong>chiamarsl</strong></span> <span class='ocrx_word' id='word_1_634' title='bbox 1159 2719 1221 2744; x_wconf 75' lang='lat' dir='ltr'><strong>“de</strong></span> <span class='ocrx_word' id='word_1_635' title='bbox 1275 2720 1317 2751; x_wconf 85' lang='lat'><strong>46,</strong></span> <span class='ocrx_word' id='word_1_636' title='bbox 1337 2719 1379 2748; x_wconf 86' lang='lat'><strong>80.</strong></span> <span class='ocrx_word' id='word_1_637' title='bbox 1400 2719 1442 2751; x_wconf 86' lang='lat'><strong>84,</strong></span> <span class='ocrx_word' id='word_1_638' title='bbox 1467 2719 1524 2748; x_wconf 84' lang='lat'><strong>180,</strong></span> <span class='ocrx_word' id='word_1_639' title='bbox 1550 2726 1612 2746; x_wconf 80' lang='lat'><em>²12.</em></span> 
     </span>
     <span class='ocr_line' id='line_1_56' title="bbox 322 2761 2173 2794; baseline 0.001 -9"><span class='ocrx_word' id='word_1_640' title='bbox 322 2762 333 2774; x_wconf 72' lang='lat'><strong>‘⁴</strong></span> <span class='ocrx_word' id='word_1_641' title='bbox 347 2761 476 2786; x_wconf 88' lang='lat' dir='ltr'><strong>Colliseo</strong></span> <span class='ocrx_word' id='word_1_642' title='bbox 489 2780 510 2792; x_wconf 57' lang='grc' dir='ltr'><strong>η,</strong></span> <span class='ocrx_word' id='word_1_643' title='bbox 531 2771 546 2786; x_wconf 92' lang='lat' dir='ltr'><strong>a</strong></span> <span class='ocrx_word' id='word_1_644' title='bbox 566 2764 750 2794; x_wconf 69' lang='lat' dir='ltr'><strong>simiglianza</strong></span> <span class='ocrx_word' id='word_1_645' title='bbox 770 2763 990 2787; x_wconf 79' lang='lat' dir='ltr'><strong>dell&#39;anfiteatro</strong></span> <span class='ocrx_word' id='word_1_646' title='bbox 1005 2763 1107 2787; x_wconf 77' lang='lat' dir='ltr'><strong>Flavio</strong></span> <span class='ocrx_word' id='word_1_647' title='bbox 1121 2762 1151 2786; x_wconf 87' lang='lat' dir='ltr'><strong>dl</strong></span> <span class='ocrx_word' id='word_1_648' title='bbox 1166 2763 1220 2787; x_wconf 87' lang='lat' dir='ltr'><strong>Ro·</strong></span> <span class='ocrx_word' id='word_1_649' title='bbox 1362 2761 1373 2778; x_wconf 77' lang='lat'><strong>⁴</strong></span> <span class='ocrx_word' id='word_1_650' title='bbox 1392 2762 1419 2786; x_wconf 89' lang='lat' dir='ltr'><strong>S.</strong></span> <span class='ocrx_word' id='word_1_651' title='bbox 1440 2762 1532 2786; x_wconf 88' lang='lat' dir='ltr'><strong>Maria</strong></span> <span class='ocrx_word' id='word_1_652' title='bbox 1553 2762 1585 2786; x_wconf 89' lang='lat' dir='ltr'><strong>de</strong></span> <span class='ocrx_word' id='word_1_653' title='bbox 1599 2762 1742 2786; x_wconf 79' lang='lat' dir='ltr'><strong>Albaneta</strong></span> <span class='ocrx_word' id='word_1_654' title='bbox 1757 2761 1787 2785; x_wconf 84' lang='lat' dir='ltr'><strong>in</strong></span> <span class='ocrx_word' id='word_1_655' title='bbox 1802 2762 1950 2786; x_wconf 80' lang='lat' dir='ltr'><strong>territorio</strong></span> <span class='ocrx_word' id='word_1_656' title='bbox 1966 2761 1996 2786; x_wconf 85' lang='lat' dir='ltr'><strong>di</strong></span> <span class='ocrx_word' id='word_1_657' title='bbox 2009 2761 2173 2786; x_wconf 82' lang='lat' dir='ltr'><strong>Pledlmon-</strong></span> 
     </span>
    </p>
   </div>
   <div class='ocr_carea' id='block_1_11' title="bbox 322 2803 2233 3006">
    <p class='ocr_par' dir='ltr' id='par_1_11' title="bbox 322 2803 2172 2879">
     <span class='ocr_line' id='line_1_57' title="bbox 322 2803 2172 2837; baseline 0.002 -11"><span class='ocrx_word' id='word_1_658' title='bbox 322 2811 375 2834; x_wconf 89' lang='lat' dir='ltr'><strong>ma,</strong></span> <span class='ocrx_word' id='word_1_659' title='bbox 396 2812 410 2827; x_wconf 91' lang='lat' dir='ltr'><strong>e</strong></span> <span class='ocrx_word' id='word_1_660' title='bbox 430 2805 479 2828; x_wconf 83' lang='lat' dir='ltr'><strong>che</strong></span> <span class='ocrx_word' id='word_1_661' title='bbox 500 2813 548 2836; x_wconf 85' lang='lat' dir='ltr'><strong>per</strong></span> <span class='ocrx_word' id='word_1_662' title='bbox 567 2805 588 2828; x_wconf 85' lang='lat' dir='ltr'><strong>il</strong></span> <span class='ocrx_word' id='word_1_663' title='bbox 610 2807 763 2830; x_wconf 81' lang='lat' dir='ltr'><strong>terremoto</strong></span> <span class='ocrx_word' id='word_1_664' title='bbox 777 2806 807 2829; x_wconf 90' lang='lat' dir='ltr'><strong>di</strong></span> <span class='ocrx_word' id='word_1_665' title='bbox 822 2805 987 2837; x_wconf 90' lang='lat' dir='ltr'><strong>quell’anno</strong></span> <span class='ocrx_word' id='word_1_666' title='bbox 1009 2805 1220 2829; x_wconf 81' lang='lat' dir='ltr'><strong>“concussu</strong></span> <span class='ocrx_word' id='word_1_667' title='bbox 1274 2806 1310 2833; x_wconf 83' lang='lat' dir='ltr'><strong>te.</strong></span> <span class='ocrx_word' id='word_1_668' title='bbox 1331 2804 1367 2829; x_wconf 80' lang='lat' dir='ltr'><strong>cs.</strong></span> <span class='ocrx_word' id='word_1_669' title='bbox 1388 2806 1510 2836; x_wconf 70' lang='lat' dir='ltr'><strong>Regesto</strong></span> <span class='ocrx_word' id='word_1_670' title='bbox 1529 2805 1559 2829; x_wconf 82' lang='lat' dir='ltr'><strong>di</strong></span> <span class='ocrx_word' id='word_1_671' title='bbox 1577 2805 1729 2829; x_wconf 69' lang='lat' dir='ltr'><strong>ToMMAso</strong></span> <span class='ocrx_word' id='word_1_672' title='bbox 1749 2805 1868 2832; x_wconf 82' lang='lat' dir='ltr'><strong>Decano,</strong></span> <span class='ocrx_word' id='word_1_673' title='bbox 1888 2805 1946 2833; x_wconf 68' lang='lat' dir='ltr'><strong>eit„</strong></span> <span class='ocrx_word' id='word_1_674' title='bbox 1966 2811 2012 2836; x_wconf 88' lang='lat' dir='ltr'><strong>pp.</strong></span> <span class='ocrx_word' id='word_1_675' title='bbox 2035 2803 2092 2836; x_wconf 83' lang='lat'><strong>138,</strong></span> <span class='ocrx_word' id='word_1_676' title='bbox 2114 2803 2172 2834; x_wconf 79' lang='lat'>166.</span> 
     </span>
     <span class='ocr_line' id='line_1_58' title="bbox 323 2844 1497 2879; baseline 0.007 -10"><span class='ocrx_word' id='word_1_677' title='bbox 323 2844 450 2877; x_wconf 79' lang='lat' dir='ltr'><strong>“lapis</strong></span> <span class='ocrx_word' id='word_1_678' title='bbox 477 2847 614 2879; x_wconf 81' lang='lat' dir='ltr'><strong>ingens</strong></span> <span class='ocrx_word' id='word_1_679' title='bbox 642 2855 796 2871; x_wconf 76' lang='lat' dir='ltr'><strong>eversus</strong></span> <span class='ocrx_word' id='word_1_680' title='bbox 824 2849 913 2878; x_wconf 60' lang='grc' dir='ltr'><strong>ξεῖ»,</strong></span> <span class='ocrx_word' id='word_1_681' title='bbox 1276 2845 1497 2878; x_wconf 76' lang='lat'><strong>176,219,257.</strong></span> 
     </span>
    </p>

    <p class='ocr_par' dir='ltr' id='par_1_12' title="bbox 322 2886 2233 3006">
     <span class='ocr_line' id='line_1_59' title="bbox 410 2886 2233 2922; baseline 0.001 -11"><span class='ocrx_word' id='word_1_682' title='bbox 410 2887 421 2902; x_wconf 79' lang='lat'><strong>²</strong></span> <span class='ocrx_word' id='word_1_683' title='bbox 442 2886 549 2916; x_wconf 70' lang='lat' dir='ltr'><strong>Questa</strong></span> <span class='ocrx_word' id='word_1_684' title='bbox 565 2891 635 2913; x_wconf 85' lang='lat' dir='ltr'><strong>nota</strong></span> <span class='ocrx_word' id='word_1_685' title='bbox 649 2890 836 2922; x_wconf 82' lang='lat' dir='ltr'><strong>cronologica</strong></span> <span class='ocrx_word' id='word_1_686' title='bbox 851 2897 908 2914; x_wconf 90' lang='lat' dir='ltr'><strong>non</strong></span> <span class='ocrx_word' id='word_1_687' title='bbox 923 2887 938 2914; x_wconf 76' lang='grc' dir='ltr'><strong>ὲ</strong></span> <span class='ocrx_word' id='word_1_688' title='bbox 951 2890 1134 2922; x_wconf 76' lang='lat' dir='ltr'><strong>ugualmente</strong></span> <span class='ocrx_word' id='word_1_689' title='bbox 1147 2892 1218 2913; x_wconf 86' lang='lat' dir='ltr'><strong>esat-</strong></span> <span class='ocrx_word' id='word_1_690' title='bbox 1361 2887 1372 2903; x_wconf 86' lang='lat'><strong>⁵</strong></span> <span class='ocrx_word' id='word_1_691' title='bbox 1390 2888 1456 2913; x_wconf 90' lang='lat' dir='ltr'><strong>Non</strong></span> <span class='ocrx_word' id='word_1_692' title='bbox 1476 2887 1491 2913; x_wconf 71' lang='grc' dir='ltr'><strong>ὲ</strong></span> <span class='ocrx_word' id='word_1_693' title='bbox 1511 2888 1597 2913; x_wconf 77' lang='lat' dir='ltr'><strong>facile</strong></span> <span class='ocrx_word' id='word_1_694' title='bbox 1617 2888 1808 2913; x_wconf 80' lang='lat' dir='ltr'><strong>determinare</strong></span> <span class='ocrx_word' id='word_1_695' title='bbox 1827 2895 1855 2912; x_wconf 80' lang='lat' dir='ltr'><strong>se</strong></span> <span class='ocrx_word' id='word_1_696' title='bbox 1879 2889 1901 2912; x_wconf 88' lang='lat' dir='ltr'><strong>si</strong></span> <span class='ocrx_word' id='word_1_697' title='bbox 1929 2889 2012 2912; x_wconf 74' lang='lat' dir='ltr'><strong>tratti</strong></span> <span class='ocrx_word' id='word_1_698' title='bbox 2039 2888 2069 2912; x_wconf 88' lang='lat' dir='ltr'><strong>dl</strong></span> <span class='ocrx_word' id='word_1_699' title='bbox 2094 2888 2170 2913; x_wconf 89' lang='lat' dir='ltr'><strong>colul</strong></span> <span class='ocrx_word' id='word_1_700' title='bbox 2199 2896 2233 2915; x_wconf 63' lang='grc' dir='ltr'><strong>ιο</strong></span> 
     </span>
     <span class='ocr_line' id='line_1_60' title="bbox 322 2929 2170 2964; baseline 0.001 -12"><span class='ocrx_word' id='word_1_701' title='bbox 322 2930 350 2952; x_wconf 81' lang='lat' dir='ltr'><strong>ta</strong></span> <span class='ocrx_word' id='word_1_702' title='bbox 370 2937 447 2954; x_wconf 86' lang='lat' dir='ltr'><strong>corne</strong></span> <span class='ocrx_word' id='word_1_703' title='bbox 467 2931 494 2954; x_wconf 83' lang='lat' dir='ltr'><strong>la</strong></span> <span class='ocrx_word' id='word_1_704' title='bbox 514 2932 621 2962; x_wconf 83' lang='lat' dir='ltr'><strong>prima:</strong></span> <span class='ocrx_word' id='word_1_705' title='bbox 643 2932 663 2955; x_wconf 81' lang='lat' dir='ltr'><strong>il</strong></span> <span class='ocrx_word' id='word_1_706' title='bbox 688 2937 717 2964; x_wconf 86' lang='lat'><strong>17</strong></span> <span class='ocrx_word' id='word_1_707' title='bbox 737 2932 785 2961; x_wconf 88' lang='grc' dir='ltr'>ΙΙΙ,</span> <span class='ocrx_word' id='word_1_708' title='bbox 804 2938 870 2964; x_wconf 88' lang='lat'>¹²29</span> <span class='ocrx_word' id='word_1_709' title='bbox 884 2931 973 2956; x_wconf 84' lang='lat' dir='ltr'><strong>cadde</strong></span> <span class='ocrx_word' id='word_1_710' title='bbox 987 2932 1016 2956; x_wconf 83' lang='lat' dir='ltr'><strong>dl</strong></span> <span class='ocrx_word' id='word_1_711' title='bbox 1034 2932 1143 2961; x_wconf 82' lang='lat' dir='ltr'><strong>sabato,</strong></span> <span class='ocrx_word' id='word_1_712' title='bbox 1159 2939 1215 2956; x_wconf 91' lang='lat' dir='ltr'><strong>non</strong></span> <span class='ocrx_word' id='word_1_713' title='bbox 1272 2931 1323 2955; x_wconf 89' lang='lat' dir='ltr'><strong>che</strong></span> <span class='ocrx_word' id='word_1_714' title='bbox 1343 2931 1372 2955; x_wconf 78' lang='lat' dir='ltr'><strong>su</strong></span> <span class='ocrx_word' id='word_1_715' title='bbox 1394 2931 1495 2955; x_wconf 86' lang='lat' dir='ltr'><strong>ribelle</strong></span> <span class='ocrx_word' id='word_1_716' title='bbox 1515 2931 1561 2955; x_wconf 91' lang='lat' dir='ltr'><strong>nel</strong></span> <span class='ocrx_word' id='word_1_717' title='bbox 1584 2937 1661 2962; x_wconf 83' lang='lat'><strong>1240,</strong></span> <span class='ocrx_word' id='word_1_718' title='bbox 1682 2938 1699 2955; x_wconf 90' lang='lat' dir='ltr'><strong>o</strong></span> <span class='ocrx_word' id='word_1_719' title='bbox 1719 2930 1867 2955; x_wconf 80' lang='lat' dir='ltr'><strong>dell&#39;altro</strong></span> <span class='ocrx_word' id='word_1_720' title='bbox 1887 2930 1938 2955; x_wconf 88' lang='lat' dir='ltr'><strong>che</strong></span> <span class='ocrx_word' id='word_1_721' title='bbox 1963 2931 2008 2955; x_wconf 88' lang='lat' dir='ltr'><strong>nel</strong></span> <span class='ocrx_word' id='word_1_722' title='bbox 2038 2929 2105 2962; x_wconf 82' lang='lat'>1248</span> <span class='ocrx_word' id='word_1_723' title='bbox 2123 2937 2170 2955; x_wconf 75' lang='lat' dir='ltr'><strong>era</strong></span> 
     </span>
     <span class='ocr_line' id='line_1_61' title="bbox 322 2971 2170 3006; baseline 0.001 -11"><span class='ocrx_word' id='word_1_724' title='bbox 322 2971 353 2995; x_wconf 86' lang='lat' dir='ltr'><strong>di</strong></span> <span class='ocrx_word' id='word_1_725' title='bbox 374 2971 500 2996; x_wconf 86' lang='lat' dir='ltr'><strong>venerdl.</strong></span> <span class='ocrx_word' id='word_1_726' title='bbox 1271 2973 1386 3006; x_wconf 76' lang='lat' dir='ltr'><strong>gludiee</strong></span> <span class='ocrx_word' id='word_1_727' title='bbox 1412 2973 1560 2998; x_wconf 84' lang='lat' dir='ltr'><strong>razionale</strong></span> <span class='ocrx_word' id='word_1_728' title='bbox 1587 2974 1616 2996; x_wconf 83' lang='lat' dir='ltr'><strong>in</strong></span> <span class='ocrx_word' id='word_1_729' title='bbox 1643 2973 1819 3005; x_wconf 79' lang='lat' dir='ltr'><strong>capitanata</strong></span> <span class='ocrx_word' id='word_1_730' title='bbox 1843 2980 1858 2997; x_wconf 89' lang='lat' dir='ltr'><strong>e</strong></span> <span class='ocrx_word' id='word_1_731' title='bbox 1886 2973 1915 2996; x_wconf 83' lang='lat' dir='ltr'><strong>in</strong></span> <span class='ocrx_word' id='word_1_732' title='bbox 1936 2972 2109 3002; x_wconf 52' lang='lat' dir='ltr'><strong>Basilicum</strong></span> <span class='ocrx_word' id='word_1_733' title='bbox 2134 2972 2170 2997; x_wconf 82' lang='lat' dir='ltr'><strong>cf.</strong></span> 
     </span>
    </p>
   </div>
   <div class='ocr_carea' id='block_1_12' title="bbox 409 3012 1701 3049">
    <p class='ocr_par' dir='ltr' id='par_1_13' title="bbox 409 3012 1701 3049">
     <span class='ocr_line' id='line_1_62' title="bbox 409 3012 1701 3049; baseline 0.002 -11"><span class='ocrx_word' id='word_1_734' title='bbox 409 3012 420 3028; x_wconf 85' lang='lat'>³</span> <span class='ocrx_word' id='word_1_735' title='bbox 438 3014 479 3038; x_wconf 87' lang='lat' dir='ltr'><strong>La</strong></span> <span class='ocrx_word' id='word_1_736' title='bbox 499 3013 604 3039; x_wconf 83' lang='lat' dir='ltr'><strong>Chiesa</strong></span> <span class='ocrx_word' id='word_1_737' title='bbox 622 3016 650 3039; x_wconf 82' lang='lat' dir='ltr'><strong>dl</strong></span> <span class='ocrx_word' id='word_1_738' title='bbox 672 3016 698 3040; x_wconf 91' lang='lat' dir='ltr'><strong>S.</strong></span> <span class='ocrx_word' id='word_1_739' title='bbox 720 3016 828 3041; x_wconf 88' lang='lat' dir='ltr'><strong>Matteo</strong></span> <span class='ocrx_word' id='word_1_740' title='bbox 849 3017 893 3041; x_wconf 90' lang='lat' dir='ltr'><strong>dei</strong></span> <span class='ocrx_word' id='word_1_741' title='bbox 909 3017 983 3041; x_wconf 84' lang='lat' dir='ltr'><strong>servi</strong></span> <span class='ocrx_word' id='word_1_742' title='bbox 1000 3015 1028 3040; x_wconf 88' lang='lat' dir='ltr'><strong>di</strong></span> <span class='ocrx_word' id='word_1_743' title='bbox 1043 3016 1101 3040; x_wconf 86' lang='lat' dir='ltr'><strong>Dio</strong></span> <span class='ocrx_word' id='word_1_744' title='bbox 1116 3017 1145 3040; x_wconf 85' lang='lat' dir='ltr'><strong>in</strong></span> <span class='ocrx_word' id='word_1_745' title='bbox 1160 3015 1215 3040; x_wconf 85' lang='lat' dir='ltr'><strong>San</strong></span> <span class='ocrx_word' id='word_1_746' title='bbox 1272 3015 1408 3045; x_wconf 68' lang='grc' dir='ltr'><em>ΒόΗΜΕκ,</em></span> <span class='ocrx_word' id='word_1_747' title='bbox 1429 3023 1480 3041; x_wconf 79' lang='lat' dir='ltr'><strong>nn.</strong></span> <span class='ocrx_word' id='word_1_748' title='bbox 1500 3020 1568 3049; x_wconf 79' lang='lat'>²955</span> <span class='ocrx_word' id='word_1_749' title='bbox 1590 3023 1604 3040; x_wconf 93' lang='lat' dir='ltr'><strong>e</strong></span> <span class='ocrx_word' id='word_1_750' title='bbox 1622 3014 1701 3048; x_wconf 84' lang='lat'>3675.</span> 
     </span>
    </p>
   </div>
   <div class='ocr_carea' id='block_1_13' title="bbox 2281 0 2320 3321">
    <p class='ocr_par' dir='ltr' id='par_1_14' title="bbox 2281 0 2320 3321">
     <span class='ocr_line' id='line_1_63' title="bbox 2281 0 2320 3321; baseline 0 0"><span class='ocrx_word' id='word_1_751' title='bbox 2281 0 2320 3321; x_wconf 95' lang='lat' dir='ltr'><strong> </strong></span> 
     </span>
    </p>
   </div>
  </div>
 </body>
</html>
