2320 3444
94 242 144 277 [Α.
165 242 260 278 1214]

30 407 33 414 1
96 370 183 412 “qui
205 375 283 412 post
306 375 448 402 mortem
472 370 580 413 patris
602 370 654 402 sui
677 369 871 412 Sephedini
888 369 932 402 de

30 415 40 444 Γ
93 420 280 466 “generali
311 423 556 456 constitutione
586 423 696 466 patris
725 428 760 455 et
787 423 931 455 fratrum

40 505 43 511 ,
97 474 229 508 ‘debet
259 485 334 508 esse
365 476 552 518 do[minu]s
582 477 735 509 omnium
767 481 801 508 et
830 476 933 508 totius

43 551 45 553 ·
95 528 225 561 “tei-re.
273 529 482 571 S[ecundu]s
504 530 593 562 filius
616 535 669 562 est
692 529 828 562 nomine
845 528 932 560 Cor-

37 623 40 627 .
94 580 274 619 “mdiaus,
306 582 366 625 qui
391 582 496 616 habet
525 583 745 621 Damascum,
776 586 931 614 sanctam

46 646 50 653 ¹
95 634 247 667 “terram
278 635 463 668 Ierusalem
494 642 528 669 et
561 642 669 669 totam
703 641 831 667 terram
865 645 931 677 que

95 689 110 705 ⁸
122 687 190 720 fuit
205 689 482 728 christianorum,
504 695 621 732 preter
643 689 814 721 modicam
830 698 931 730 quam

37 739 53 764 Ὺ
95 741 237 774 “adhuc
268 748 387 775 tenent
416 742 606 780 christiani,
637 753 705 784 que
735 747 814 774 sunt
844 741 932 773 inter

42 792 46 808 ”
93 793 110 811 ”
121 793 290 834 ciuitates,
305 796 512 828 munitiones
528 801 564 828 et
577 801 690 828 castra
706 801 821 837 preter
832 794 933 826 uillas

95 848 201 890 “plus
224 848 268 880 de
293 849 468 881 trecentis.
514 848 654 882 Tertius
678 848 767 880 filius
791 853 842 880 est
871 857 933 879 no-

34 907 38 940 ξ
94 901 110 918 “
122 901 214 933 mine
229 900 454 945 Mellirafays,
469 902 559 934 idest
581 901 732 944 grandis,
756 901 816 943 qui
839 906 933 933 tenet

40 947 46 969 ἶ
94 954 248 987 “terram
272 965 338 997 que
361 955 488 988 dicitur
510 955 652 987 Iamella
675 965 753 988 cum
776 960 849 987 tota
864 953 932 986 alia

32 1009 111 1045 ην*
123 1008 318 1050 prouincia,
341 1018 408 1050 que
432 1007 536 1050 [sunt]
557 1008 651 1040 inter
672 1007 840 1040 ciuitates·
857 1018 931 1039 mu-

40 1078 45 1099 ς
95 1060 269 1093 “nitiones
297 1066 332 1093 et
364 1067 478 1094 castra
508 1066 626 1104 preter
656 1061 758 1094 uillas
781 1061 857 1103 plus
887 1060 931 1093 de

92 1113 108 1130 ⁴⁶
121 1113 394 1158 quadringentis.
440 1113 595 1152 Quartus
617 1114 705 1147 filius
728 1121 780 1147 est
810 1114 932 1147 Melle-

93 1168 108 1185 ¹‘
121 1167 299 1206 remodan,
315 1168 404 1200 idest
419 1178 564 1212 magnus
581 1168 751 1210 dominus,
765 1168 826 1211 qui
837 1173 933 1201 tenet

41 1232 43 1234 ·
93 1221 266 1264 “reguum
289 1221 419 1254 Doasie
444 1230 522 1254 cum
545 1222 638 1254 omni
661 1227 844 1265 potentatu
859 1231 931 1259 suo,

42 1294 44 1314 3
93 1275 192 1317 “que
226 1280 305 1307 sunt
342 1274 420 1316 plus
457 1275 502 1307 de
541 1275 806 1319 quadringentis
843 1275 933 1307 inter

36 1322 64 1345 s
90 1327 106 1344 ⁸
121 1327 289 1366 ciuitates,
312 1328 525 1361 munitiones
547 1334 581 1361 et
607 1334 732 1361 castra.
779 1327 933 1366 Quintus

46 1419 47 1422 Ἴ
91 1381 172 1413 “est
193 1380 332 1414 nomine
354 1381 625 1425 Melkisalaphat
647 1383 706 1425 qui
729 1388 854 1426 regnat
884 1381 933 1424 [et

45 1451 47 1454 .
93 1434 108 1452 ⁸
119 1434 228 1476 tenet]
243 1440 370 1467 terram
387 1441 423 1468 et
438 1446 583 1480 regnum
600 1435 645 1468 de
661 1435 781 1479 Sarco,
793 1435 852 1468 ubi
865 1435 933 1468 fuit

92 1485 257 1521 “occisus
278 1487 370 1520 Abel
394 1499 415 1520 a
437 1488 536 1533 Cayn
558 1490 667 1521 fratre
690 1499 768 1528 suo;
796 1489 831 1521 in
863 1499 932 1533 quo

35 1539 44 1556 ”
93 1541 109 1559 “
119 1551 230 1585 regno
252 1547 331 1574 sunt
353 1542 552 1586 octingente
568 1543 659 1575 inter
674 1543 843 1580 ciuitates.
858 1554 931 1576 mu-

40 1595 41 1598 ’
93 1595 108 1612 ‘⁵
120 1594 270 1627 uitiones
293 1600 328 1627 et
344 1600 457 1628 castra
472 1595 586 1638 plana.
633 1596 761 1629 Sextus
777 1597 866 1629 filius
881 1601 932 1629 est

19 1693 22 1695 ‚
40 1643 48 1670 s'
94 1645 333 1689 “Machomet,
358 1648 416 1691 qui
433 1655 526 1682 tenet
542 1659 687 1694 regnum
703 1650 748 1683 de
765 1649 932 1688 Baldach,

54 1731 56 1734 ,
91 1698 107 1717 “
121 1700 182 1734 ubi
205 1707 257 1734 est
273 1712 365 1744 papa
382 1701 652 1736 Sarracenorum
669 1703 856 1745 Caliphius,
874 1703 932 1746 qui

42 1766 54 1795 'j
91 1753 107 1770 “
121 1753 256 1793 colitur,
280 1755 418 1788 timetur
440 1761 475 1788 et
491 1756 655 1789 adoratur
671 1762 844 1799 tamquam
861 1757 934 1789 Ro-

40 1811 52 1849 ᾗ
93 1808 241 1840 ‘manus
263 1808 421 1851 pontifex
443 1809 478 1841 in
508 1809 587 1854 lege
611 1819 748 1843 eorum:
773 1810 832 1853 qui
863 1820 932 1842 non

46 1892 50 1894 ,
93 1861 234 1904 “potest
256 1861 371 1894 uideri
393 1862 458 1895 nisi
481 1862 535 1895 bis
564 1863 600 1895 in
631 1874 759 1902 mense,
790 1863 931 1906 quando

10 1911 46 1963 ΞΛ
91 1913 199 1946 ‘cum
221 1914 291 1947 suis
320 1915 416 1948 uadit
447 1916 493 1955 ad
522 1916 725 1959 Magometh
757 1916 932 1950 dominum

15 1971 21 2013 ‚²
40 1962 53 2011 Ῑ
94 1968 109 1987 ⁸
120 1965 404 2006 Sarracenorum‚
427 1974 463 2002 et
478 1969 645 2002 inclinato
661 1969 774 2012 capite
788 1976 822 2002 et
838 1970 934 2002 facta

41 2054 44 2059 ,
94 2020 278 2054 “oratione
300 2032 363 2054 suo
386 2033 481 2054 more
505 2023 724 2056 sarracenico
748 2028 933 2066 antequam

38 2070 46 2109 ⁵.
95 2073 288 2117 ‘templum
323 2081 461 2113 exeant,
495 2075 678 2118 splendide
717 2076 934 2109 commedunt

11 2145 24 2162 a·
39 2136 45 2166 ξ.
95 2127 159 2160 “et
180 2126 312 2167 bibunt,
337 2134 371 2160 et
394 2128 444 2160 sic
472 2134 655 2162 coronatus
684 2130 870 2162 reuertitur
899 2130 935 2162 in

15 2203 21 2223 3
50 2179 53 2190 ’“
95 2181 110 2198 ⁸
123 2179 263 2214 domum
285 2192 381 2214 suam
407 2192 484 2214 cum
508 2188 612 2225 gente
628 2193 699 2216 sua.
740 2183 806 2216 Iste
824 2183 934 2216 domi-

10 2236 23 2274 ᾗ
40 2257 55 2282 3
93 2232 183 2266 ‘nus
205 2232 411 2277 Magometh
434 2235 591 2268 uisitatur
613 2236 743 2269 cotidie
759 2242 795 2269 et
810 2237 934 2269 adora-

10 2281 54 2330 [²¹33'
95 2287 187 2325 “tun
209 2287 300 2320 sicut
321 2287 480 2321 uisitatur
506 2294 541 2321 et
570 2289 737 2322 adoratur
766 2290 934 2323 Dominus

10 2347 19 2390 53
94 2338 309 2374 “crucifixus
339 2351 360 2373 a
390 2342 520 2384 populo
552 2342 751 2376 christiano.
798 2343 837 2375 Iu
867 2344 933 2376 ista

9 2391 11 2393 ’
52 2403 65 2411 ·
94 2391 269 2426 ‘ciuitate
293 2394 338 2426 de
361 2394 519 2427 Baldach
540 2401 592 2429 est
613 2406 706 2438 papa
732 2396 933 2439 Caliphius3

14 2446 247 2492 -Ηκ-*οἰιιὶῐαε
275 2447 368 2480 enim
398 2447 465 2480 ista
499 2454 551 2481 est
585 2449 700 2492 capud
733 2450 836 2482 totius
865 2450 934 2494 legi

20 2497 79 2537 ,”
95 2499 376 2542 ⁸Agarenorum.
422 2501 598 2544 Septimus
633 2502 722 2535 filius
754 2509 805 2536 est
836 2502 934 2536 Sala-

95 2550 222 2595 “phatz
254 2554 313 2587 hic
343 2565 413 2587 non
445 2554 550 2588 habet
579 2555 768 2598 specialem
794 2562 934 2595 terram,

30 2613 67 2645 ;-,’τ
96 2605 175 2639 “set
195 2616 333 2650 semper
357 2613 410 2640 est
434 2618 512 2640 cum
534 2614 633 2650 patre
649 2619 710 2641 suo
727 2609 932 2652 Sephidino.

22 2652 64 2702 ιζ
95 2657 111 2674 ⁸
124 2657 192 2692 Iste
214 2659 356 2703 porta[t]
372 2660 535 2694 uexillum
551 2671 668 2694 coram
684 2668 781 2704 patre
797 2673 859 2696 suo
875 2664 934 2706 qui

24 2711 62 2762 ᾖξ’]
96 2710 111 2729 ‘⁶
123 2711 272 2755 equitat;
296 2713 352 2746 cui
376 2714 614 2758 unusquisque
629 2714 775 2747 fratrum
791 2715 934 2759 singulis

11 2763 27 2811 ‚¹³
54 2791 62 2809 3
96 2763 224 2798 ‘annis
245 2777 309 2808 pro
331 2772 428 2799 certo
452 2778 558 2800 censu
582 2767 763 2810 dignitatis
784 2779 844 2801 sue
864 2775 934 2802 tra-

96 2818 112 2836 ·
123 2818 243 2852 amittit
257 2819 351 2852 mille
367 2821 632 2863 sarracen[at]os
647 2828 680 2853 et
697 2822 784 2854 duos
795 2822 934 2854 dextra-

20 2992 26 2995 *
54 2975 69 2987 ,2
177 2954 202 2980 8.
221 2956 299 2980 tenet
318 2956 382 2981 Cod.
402 2969 434 2974 ——
455 2961 497 2980 20.
517 2956 731 2988 Mellisalaphat
753 2957 818 2982 Cod.
837 2970 869 2975 —
890 2964 932 2982 22.

7 2993 29 3015 ‘'⁴-
59 3018 68 3033 1,
93 2997 181 3032 Cnym
202 2999 264 3025 Co‘d.

874 236 1073 273 CHRONI
1078 235 1150 271 CA

999 847 1037 879 10

1000 1113 1036 1146 15

995 1383 1037 1414 20

996 1649 1037 1682 25

996 1919 1038 1950 30

997 2185 1036 2218 35

998 2454 1038 2485 40

997 2721 1037 2753 45

1097 369 1112 386 “
1123 367 1263 400 Tertius
1278 367 1366 400 filius
1382 373 1434 399 est
1449 366 1589 399 nomine
1606 363 1815 408 Melkafays,
1832 362 1869 395 id
1881 368 1933 395 est

1095 421 1275 464 “grandis,
1299 421 1358 463 qui
1381 426 1479 452 tenet
1501 425 1628 451 terram
1660 419 1759 451 istam
1787 427 1855 459 que
1879 416 1931 449 di-

1097 476 1110 492 “
1123 474 1214 507 citur
1237 474 1280 507 de
1303 473 1446 506 Iamella
1469 483 1548 505 cum
1563 478 1636 505 tota
1652 471 1722 504 alia
1736 469 1931 514 prouincia,

1097 530 1111 546 “
1123 539 1190 571 que
1205 534 1284 561 sunt
1306 528 1399 559 inter
1414 527 1622 564 munitiones
1645 525 1744 558 uillas
1761 530 1795 557 et
1817 529 1932 557 castra

1097 583 1111 599 “
1125 581 1201 623 plus
1223 582 1267 614 de
1284 580 1559 624 quadringentis.
1606 577 1760 617 Quartus
1776 577 1865 610 filius
1881 583 1932 610 est

1096 634 1260 667 “nomine
1284 633 1545 670 Melkemodan‚
1569 633 1608 665 id
1632 638 1683 664 est
1705 641 1848 675 magnus
1870 631 1932 664 do-

1095 687 1109 703 “
1123 687 1246 726 minus,
1262 687 1319 729 qui
1336 692 1430 719 tenet
1440 697 1587 730 regnum
1602 685 1729 718 Doasie
1747 695 1824 717 cum
1841 683 1932 717 omni

1095 740 1110 756 ‘⁶
1124 745 1303 782 potentatu
1325 750 1397 778 suo,
1422 749 1490 782 que
1514 745 1592 771 sunt
1614 739 1692 781 plus
1708 738 1752 771 de
1769 737 1933 782 quadrin-

1097 793 1238 836 “gentis
1269 793 1357 825 inter
1389 793 1549 825 ciuitates
1580 791 1789 823 munitiones
1812 796 1848 823 et
1875 801 1935 823 ca-

1097 847 1111 864 “
1125 852 1205 878 stra.
1254 844 1406 883 Quintus
1428 845 1517 876 filius
1532 852 1584 877 est
1607 844 1745 876 nomine
1767 843 1933 877 Melkisa-

1097 901 1111 916 ‘⁴
1129 899 1256 941 laphat‚
1290 898 1348 941 qui
1383 904 1505 941 regnat
1536 905 1570 931 et
1601 903 1697 930 tenet
1731 903 1859 930 terram
1891 897 1934 930 de

1096 954 1110 971 ⁴⁴
1124 952 1246 991 Sarco,
1269 952 1328 984 ubi
1353 952 1418 984 fuit
1442 952 1579 984 occisus
1595 950 1685 984 Abel
1702 961 1722 982 a
1738 951 1846 995 Caym
1864 951 1934 983 sra-

1096 1009 1110 1024 “
1123 1012 1176 1039 tre
1190 1016 1262 1044 suo,
1275 1005 1310 1037 in
1326 1016 1394 1048 quo
1410 1015 1518 1048 regno
1531 1011 1609 1038 sunt
1627 1005 1827 1048 octingente
1844 1004 1932 1037 inter

1097 1061 1112 1077 “
1124 1060 1283 1092 ciuitates
1299 1058 1507 1091 munitiones
1520 1064 1554 1090 et
1567 1063 1681 1090 castra
1693 1058 1808 1100 plana.
1852 1056 1935 1090 Sex-

1096 1115 1179 1145 “tus
1201 1112 1291 1144 filius
1314 1118 1366 1144 est
1390 1111 1646 1150 Machometus‚
1669 1111 1727 1154 qui
1751 1117 1848 1144 tenet
1880 1120 1935 1143 re-

1097 1168 1230 1210 “gnum
1247 1166 1292 1199 de
1316 1165 1483 1203 Baldach,
1508 1164 1566 1197 ubi
1593 1170 1643 1196 est
1667 1175 1757 1206 papa
1770 1163 1934 1196 Sarrace-

1097 1221 1246 1252 “norum
1275 1218 1466 1261 Caliphius,
1498 1218 1558 1261 qui
1590 1217 1715 1249 colitur
1744 1217 1879 1250 timetur
1902 1224 1936 1249 et

1098 1274 1292 1306 “adoratur
1314 1278 1490 1315 tamquam
1513 1272 1695 1304 Romanus
1718 1271 1878 1312 pontifex
1901 1270 1935 1302 in

1098 1327 1202 1370 “lege
1230 1336 1361 1363 eorum,
1391 1325 1451 1368 qui
1483 1335 1553 1357 non
1579 1330 1696 1366 potest
1730 1324 1843 1356 uideri
1871 1324 1936 1356 nisi

1099 1380 1232 1413 “bisin
1256 1389 1386 1418 mense,
1411 1379 1552 1422 quando
1576 1389 1654 1411 cum
1679 1377 1749 1410 suis
1778 1377 1875 1410 uadit
1890 1377 1936 1409 ad

1098 1433 1328 1477 “Magometh
1352 1433 1455 1465 deum
1481 1431 1764 1469 sarracenorum,
1787 1437 1822 1463 et
1837 1431 1937 1463 incli-

1098 1489 1205 1520 “nato
1233 1486 1348 1529 capite
1380 1491 1416 1519 et
1439 1486 1595 1518 oratione
1623 1485 1718 1518 facta
1749 1495 1811 1517 suo
1841 1495 1937 1517 more

1099 1541 1113 1559 ‘⁸
1127 1541 1369 1578 Sarracenico,
1392 1545 1578 1582 antequam
1609 1538 1777 1581 templum
1802 1543 1937 1577 exeant,

1098 1596 1112 1612 ¹⁴
1128 1594 1316 1638 splendide
1339 1594 1529 1626 comedunt
1553 1599 1587 1625 et
1610 1592 1744 1631 bibunt,
1761 1598 1795 1624 et
1810 1591 1860 1625 sic
1877 1602 1937 1624 co-

1098 1651 1267 1681 “ronatus
1293 1647 1480 1680 reuertitur
1503 1645 1538 1678 in
1569 1646 1709 1679 domum
1739 1656 1834 1678 suam
1859 1656 1936 1677 cum

1098 1704 1229 1746 “gente
1253 1712 1323 1733 sua.
1371 1701 1439 1733 Iste
1470 1700 1556 1732 deus
1587 1700 1790 1743 Magometh
1820 1698 1937 1731 uisita-

1099 1757 1181 1788 “tur
1208 1754 1366 1798 quotidie
1394 1759 1430 1786 et
1459 1754 1636 1791 adoratur,
1667 1753 1758 1786 sicut
1781 1752 1937 1785 uisitatur

1098 1810 1112 1826 ‘⁴
1126 1813 1161 1841 et
1185 1809 1352 1841 adoratur
1376 1807 1537 1840 dominus
1561 1806 1747 1839 crucifixus
1764 1816 1783 1837 a
1806 1805 1936 1847 populo

1098 1864 1112 1880 ‘⁴
1127 1861 1327 1894 christiano.
1374 1861 1413 1892 In
1437 1861 1503 1892 ista
1527 1860 1673 1892 ciuitate
1698 1858 1854 1891 Baldach
1885 1865 1938 1892 est

1098 1918 1112 1934 “
1125 1926 1217 1959 papa
1240 1914 1436 1957 Caliphius;
1462 1913 1588 1946 ciuitas
1613 1913 1676 1946 ista
1693 1919 1798 1956 caput
1815 1919 1868 1946 est
1885 1919 1937 1945 to-

1098 1969 1194 2002 “tius
1225 1968 1310 2012 legis
1341 1968 1596 2011 Agarenorum.
1643 1967 1819 2009 Septimus
1850 1966 1938 1998 filius

1098 2025 1112 2040 ²
1130 2028 1181 2055 est
1194 2023 1333 2054 nomine
1349 2021 1528 2063 Salaphat.
1568 2021 1638 2053 Hic
1654 2031 1725 2053 non
1742 2019 1846 2053 habet
1859 2031 1938 2063 spe-

1098 2079 1113 2094 “
1126 2076 1250 2109 cialem
1273 2081 1412 2114 terram,
1434 2081 1486 2107 set
1508 2084 1646 2117 semper
1668 2080 1721 2106 est
1744 2085 1823 2107 cum
1839 2080 1938 2117 patre

1096 2131 1110 2146 “
1125 2140 1186 2162 suo
1210 2128 1425 2171 Sephedino.
1469 2129 1537 2161 Iste
1561 2133 1677 2170 portat
1699 2128 1863 2160 uexillum
1880 2138 1939 2160 co-

1098 2185 1112 2201 “
1125 2194 1197 2215 ram
1213 2181 1319 2226 patre'
1333 2192 1407 2220 suo,
1420 2182 1560 2225 quando
1577 2181 1719 2224 equitat.
1752 2181 1817 2214 Cui
1835 2192 1938 2213 unus-

1098 2239 1112 2255 “
1126 2237 1272 2280 quisque
1296 2236 1444 2268 fratrum
1467 2235 1611 2278 singulis
1634 2235 1732 2267 annis
1755 2245 1819 2278 pro
1843 2241 1937 2267 certo

1099 2293 1113 2308 ‘⁶
1126 2301 1234 2323 censu
1256 2289 1436 2332 dignitatis
1451 2300 1511 2322 sue
1530 2288 1733 2320 transmittit
1755 2287 1850 2319 mille
1867 2298 1939 2320 sar-

1098 2347 1112 2362 “
1125 2349 1308 2377 racenatos
1324 2349 1358 2376 et
1373 2343 1462 2376 duos
1478 2342 1671 2376 dextrarios
1686 2342 1775 2374 bene
1788 2348 1938 2384 paratos.

1098 2400 1113 2416 “
1125 2397 1345 2440 Sephedinus
1362 2397 1502 2439 quando
1516 2396 1650 2440 equitat
1661 2401 1789 2428 terram
1806 2401 1841 2427 et
1856 2394 1939 2427 uisi-

1099 2454 1113 2468 “
1126 2457 1174 2483 tat
1191 2450 1278 2482 filios
1292 2460 1372 2483 suos
1387 2450 1586 2492 prephatos,
1601 2449 1735 2481 incedit
1750 2449 1865 2480 uelato
1881 2459 1937 2480 ca-

1097 2505 1197 2546 “pite
1221 2504 1265 2537 de
1288 2513 1358 2536 uno
1383 2503 1532 2536 examito
1563 2502 1684 2535 rubeo.
1730 2502 1793 2534 Cui
1818 2512 1939 2534 omnes

1098 2560 1112 2576 ‘⁴
1125 2557 1188 2590 filii
1212 2557 1384 2589 inclinant
1398 2563 1523 2600 quater
1539 2557 1583 2589 ad
1600 2562 1737 2595 terram,
1755 2561 1789 2588 et
1813 2560 1939 2587 exeunt

1099 2613 1113 2630 “
1126 2611 1158 2644 ei
1182 2610 1321 2644 obuiam
1345 2620 1409 2653 per
1431 2621 1491 2643 sex
1519 2609 1691 2648 milliaria,
1723 2614 1759 2641 et
1782 2609 1936 2641 osculato

1096 2665 1110 2681 ⁴⁴
1125 2665 1228 2707 pede,
1253 2675 1330 2697 cum
1354 2665 1429 2707 ipse
1452 2664 1495 2696 sit
1518 2673 1622 2706 super
1645 2673 1784 2705 equum,
1815 2661 1939 2704 recipit

1097 2718 1111 2735 “
1126 2728 1186 2750 eos
1211 2717 1256 2750 ad
1279 2717 1435 2750 osculum
1458 2722 1493 2750 et
1509 2717 1554 2749 ad
1577 2727 1725 2748 manum.
1773 2715 1938 2753 Quicum

1096 2772 1334 2814 “unoquoque
1366 2776 1520 2803 moratur
1552 2780 1614 2812 per
1645 2770 1807 2803 triduum.
1832 2768 1938 2800 semel

1098 2825 1160 2856 “in
1183 2835 1287 2864 anno,
1311 2831 1345 2856 et
1369 2824 1418 2856 sic
1444 2835 1463 2855 a
1486 2823 1597 2865 primo
1626 2833 1733 2865 usque
1759 2822 1803 2855 ad
1834 2822 1938 2864 septi-

1181 2966 1234 2991 2—3.
1260 2960 1338 2983 tenet
1363 2959 1466 2983 terram
1492 2965 1545 2990 que
1571 2957 1676 2981 dicitur
1702 2957 1787 2986 Uum,
1807 2957 1904 2981 Psnrz
1926 2966 1939 2981 e

1092 3004 1186 3028 Gau».

1880 229 1927 270 57
1960 241 2035 264 Mun„
2046 245 2079 259 cc.
2094 240 2169 264 986-87

2027 2202 2047 2216 Ε.
2076 2202 2110 2216 21!
