2320 3444
122 210 172 247 [A.
193 210 286 246 121³]
898 206 1176 243 CHRONICA
1901 205 1947 246 47

111 338 301 382 “sequatur
323 349 385 371 me.
431 337 485 371 Ac
508 339 538 371 si
561 339 696 372 diceret
721 339 950 373 manifestius:

111 392 127 410 ⁸
139 390 216 434 ,21ιί
235 391 309 424 uult
331 402 383 424 me
404 391 561 435 subsequi
573 392 621 424 ad
632 403 788 425 coronam
803 403 855 426 me
869 404 950 436 quo-

111 445 127 462 *
139 455 202 488 que
216 444 437 487 subsequatur
452 445 501 477 ad
511 448 669 489 pugnam
688 456 752 489 quc
767 456 853 478 nunc
866 449 949 490 pro-

111 497 303 542 “pom‘tu[r]
326 498 506 531 uniuersis.
549 498 692 532 Poterat
716 499 808 531 enim
839 499 949 531 omni-

109 552 126 569 ⁸
137 557 262 594 potens
286 552 380 584 Deus
395 557 523 585 terram
539 552 645 591 illam,
661 553 691 585 si
706 552 823 591 uellet,
838 551 950 585 omni·
1037 552 1054 583 5

108 606 124 623 ‘⁶
137 614 182 648 no
216 604 411 638 defendere
450 616 494 649 ne
528 602 565 637 in
599 616 719 638 manus
752 605 950 638 traderetur

36 665 49 698 ζ
109 657 280 690 “hostiles
288 670 296 695 ;
319 664 437 700 posset
460 658 566 698 illam,
590 658 618 691 si
641 658 747 692 uellet
778 659 822 691 de
846 668 949 691 manu

48 747 50 750 y
109 710 285 744 “hostium
309 711 417 744 facile
440 711 600 750 liberare,
624 721 701 744 cum
717 711 828 745 nichil
842 711 950 754 possit

40 773 55 807 J
105 763 121 781 ⁸
135 763 212 797 eius
235 764 396 797 resistere
412 764 592 798 uoluntati.
638 765 700 798 Set
716 774 794 797 cum
809 765 878 797 iam
894 775 947 797 su·

108 818 123 835 ⁸
135 817 435 860 perhabundasset
450 817 614 861 iniquitas
625 817 878 862 refrigescente
890 827 949 851 ca·
1016 817 1054 848 10

45 903 47 905 ,
108 871 124 888 ‘⁶
135 870 237 903 ritate
253 870 452 909 multorum,
467 876 506 903 ut
521 870 640 903 fideles
655 881 734 903 suos
747 881 767 903 a
778 870 949 913 so[m]pno

47 945 49 949 ι
108 924 123 941 “
135 923 254 956 mortis
276 922 322 956 ad
344 923 424 956 uite.
437 923 587 957 studium
604 924 784 963 excitaret,
801 934 949 968 agonem

107 975 227 1008 “illius
241 977 423 1020 proposuit
437 977 472 1009 in
488 986 557 1020 quo
572 977 676 1009 fidem
691 976 827 1010 illorum
842 976 949 1009 uelud

107 1029 172 1062 “in
194 1029 339 1063 fornace
370 1040 490 1063 aurum
520 1030 696 1073 probaret,
728 1030 948 1063 occasionem

47 1075 55 1089 '³
107 1084 123 1101 ⁸
135 1082 256 1116 salutis
270 1083 374 1116 immo
390 1083 591 1117 saluationis
606 1094 745 1116 causam
762 1083 949 1126 prestando
1016 1083 1054 1116 15

53 1179 55 1182 Α
109 1137 172 1168 “ut
194 1136 254 1179 qui
282 1137 432 1169 fideliter
461 1147 526 1180 pro
555 1137 632 1180 ipso
663 1137 875 1170 certauerint
905 1136 949 1170 ab

48 1200 52 1223 3
107 1189 123 1206 ⁸
136 1189 212 1233 ipso
234 1190 385 1223 feliciter
408 1197 633 1228 coronentur;
657 1197 693 1224 et
707 1192 767 1234 qui
783 1191 816 1224 ei
831 1190 951 1224 uolue-

50 1244 52 1246 ’
109 1243 180 1290 “fit
202 1243 237 1275 in
261 1250 355 1277 tante
379 1245 594 1277 necessitatis
618 1245 764 1278 articulo
795 1244 949 1277 debitum

43 1303 49 1314 ·’
109 1296 340 1339 “impendere
356 1298 560 1331 famulatum
573 1298 608 1330 in
620 1298 806 1332 nouissimo
819 1298 949 1331 distric-

65 1341 67 1345 ’
110 1350 165 1383 “ti
180 1350 350 1383 examinis
371 1351 428 1384 die
450 1351 574 1384 iustam
597 1358 793 1385 mereantur
808 1358 949 1385 senten·
1012 1351 1054 1383 20

54 1408 61 1444 j
107 1403 220 1437 “tiam
252 1403 421 1438 obtinere.
466 1405 497 1438 O
532 1411 661 1448 quanta
690 1406 756 1438 iam
787 1405 951 1449 prouenit

110 1457 267 1490 “utilitas
291 1469 335 1490 ex
357 1458 424 1491 hac
449 1469 563 1498 causa,
586 1469 655 1502 qua
677 1459 775 1492 multi
791 1459 950 1493 conuersi

59 1540 61 1542 .
110 1512 126 1529 ⁸
138 1511 184 1544 ad
194 1511 421 1553 penitentiam
434 1522 497 1554 pro
511 1512 713 1546 liberatione
725 1518 819 1546 terre
831 1518 948 1546 sancte

50 1556 58 1598 ζ
107 1564 424 1608 “mancipauerunt
450 1576 486 1597 se
518 1565 686 1609 obsequio
717 1566 883 1605 crucifixi,
915 1572 950 1599 et

47 1615 126 1657 '3⁷3⁹‘
137 1618 234 1662 quasi
256 1629 319 1661 per
341 1628 487 1662 agonem
510 1618 665 1652 martirii'
688 1629 851 1652 coronam
874 1619 948 1664 glo·
1011 1621 1052 1654 25

107 1671 184 1704 “rie
206 1678 285 1704 sunt
307 1672 437 1715 adepti,
460 1672 520 1716 qui
543 1673 634 1706 forte
657 1673 694 1706 in
716 1673 791 1707 suis
819 1674 949 1717 iniqui·

106 1725 262 1758 “tatibus
291 1727 462 1768 perissent
491 1726 686 1760 carnalibus
712 1726 949 1770 uoluptatibus

69 1787 71 1791 ·
107 1777 170 1810 “et
202 1778 385 1811 mundanis
407 1778 587 1812 illecebris
620 1779 786 1813 irrectitil
837 1779 948 1813 Uetus

58 1863 59 1866 ,
107 1831 188 1864 ‘est
210 1832 278 1864 hoc
302 1832 484 1864 artificium
507 1832 586 1865 Iesu
616 1833 756 1872 Christi,
786 1834 881 1877 quod
903 1834 948 1867 ad

70 1916 76 1927 ,
106 1883 278 1917 ‘salutem
300 1896 437 1918 suorum
462 1886 614 1919 fidelium
637 1885 762 1920 diebus
791 1887 865 1920 istis
896 1887 947 1920 di-
1011 1891 1053 1922 30

106 1935 122 1954 ⁸
134 1943 260 1982 gnatus
280 1944 332 1971 est
353 1938 532 1972 innouare.
579 1939 618 1972 Si
642 1940 732 1973 enim
748 1951 810 1973 rex
824 1940 948 1985 aliquis

64 1987 73 2028 ’,
107 1991 336 2033 “temporalis
360 2002 380 2024 a
405 1993 476 2025 suis
506 1992 665 2025 hostibus
697 1993 873 2026 eiceretur
903 1994 947 2027 de

70 2063 73 2067 -
107 2045 242 2088 ‘regno
266 2045 332 2078 nisi
355 2045 500 2079 Bassalli
524 2046 597 2078 eius
612 2057 675 2090 pro
692 2057 733 2079 eo
749 2057 820 2080 non
835 2047 946 2080 solum

78 2103 80 2106 ·
108 2098 124 2115 ⁸
135 2107 190 2130 res
212 2099 449 2141 expenderent
464 2104 517 2132 set
532 2110 710 2142 personas,
726 2110 852 2140 nonne,
869 2111 947 2134 cum

67 2143 78 2163 Ψ
107 2150 279 2195 ‘regnum
301 2158 525 2195 recuperaret
547 2154 753 2192 ammissum,
769 2165 828 2187 eos
844 2153 948 2187 uelud
1010 2157 1052 2189 35

75 2235 77 2238 ,
106 2203 122 2220 “
134 2204 291 2238 infideles
314 2205 531 2248 dampnaret,
554 2211 590 2240 et
605 2207 820 2251 excogitaret
835 2209 869 2240 in
887 2218 947 2241 eos

74 2255 87 2294 κ’,
106 2257 370 2302 “inexcogitata
407 2264 580 2293 tormenta
619 2260 744 2304 quibus
783 2261 948 2304 perderet

68 2310 73 2347 ,ζ
109 2310 123 2328 ⁸
135 2310 224 2343 male
239 2311 368 2344 malos?
385 2312 444 2345 Sic
459 2322 521 2345 rex
535 2323 653 2357 regum
670 2313 829 2347 dominus
852 2315 948 2347 Iesus

81 2365 87 2376 ⁵
109 2362 293 2397 ‘Christus
317 2364 376 2407 qui
399 2375 526 2407 corpus
549 2372 583 2398 et
606 2366 756 2398 animam
782 2373 817 2399 et
832 2373 948 2400 cetera

109 2415 125 2434 ⁸
135 2417 283 2450 contulit
298 2416 399 2450 nobis
413 2418 504 2451 bona
527 2419 571 2452 de
586 2419 846 2463 ingratitudinis
860 2420 946 2454 uitio
1011 2425 1053 2457 40

70 2465 83 2508 ζ.
109 2468 126 2488 '¹
137 2475 172 2503 et
192 2470 405 2504 infidelitatis
428 2471 573 2505 crimine
597 2482 659 2505 uos
682 2473 893 2517 dampnabit,
919 2473 948 2506 si

18 2524 39 2566 ,ᾖξ’
87 2514 92 2518 ⁵
110 2522 168 2556 ‘ei
192 2523 306 2556 eiecto
330 2524 427 2567 quasi
450 2524 495 2557 de
517 2535 627 2568 regno
649 2535 722 2567 suo,
747 2527 841 2570 quod
868 2538 947 2569 pre-

18 2571 27 2610 ᾇ
73 2566 80 2579 *
109 2574 125 2593 ⁸
138 2575 188 2609 tio
210 2576 261 2609 sui
276 2578 452 2622 sanguinis
468 2579 694 2621 comparauit,
709 2580 948 2623 neglexeristis

16 2647 81 2674 11¹<
110 2629 332 2664 “subuenire
379 2630 476 2664 Sciat
509 2630 619 2675 [ergo]
653 2642 690 2664 se
725 2632 948 2675 culpabiliter

15 2674 26 2698 ‘⁹'
66 2687 79 2713 ζ
108 2682 124 2699 ⁸
138 2682 261 2716 durum
284 2689 319 2717 et
342 2685 426 2717 dure
451 2684 671 2727 culpabilem,
687 2686 895 2730 quicumque
910 2687 947 2720 in
1011 2692 1051 2725 45

18 2834 19 2838 Ἰ
68 2828 80 2838 ⁷,
192 2808 218 2834 3.
237 2802 272 2827 da
290 2809 343 2834 que
362 2810 437 2827 nunc
456 2803 630 2836 proponltur
655 2805 804 2830 universus
822 2805 836 2830 ὲ
853 2806 948 2831 scritto

18 2848 23 2867 '.
70 2839 74 2850 '¹
106 2844 151 2869 nel
167 2844 290 2877 margine
309 2848 412 2870 esterno
434 2846 498 2870 Coa.
517 2859 548 2864 —
565 2853 605 2878 13.
620 2845 681 2871 mis
695 2855 743 2871 non
756 2847 839 2872 illius
852 2847 947 2874 Gum.

23 2883 25 2887 '
78 2881 89 2890 ⁸
107 2897 140 2903 —
161 2891 200 2918 ις.
219 2887 405 2912 salutationis
422 2888 514 2913 invece
533 2889 564 2913 di
580 2888 752 2914 salvationis
773 2890 836 2915 eod.
855 2904 888 2909 —
904 2897 948 2923 17-

18 2929 27 2960 ¹„
83 2951 85 2954 ,
108 2924 149 2952 18.
168 2929 301 2960 voluerit,
320 2938 368 2954 non
388 2930 514 2955 noluerit
535 2931 598 2955 Cod.
618 2943 652 2949 —
671 2937 713 2963 32.
726 2932 756 2956 di
763 2933 856 2963 prima
871 2942 948 2959 mano

21 2966 28 2978 ⁴*
105 2969 256 2996 enecet-etur
275 2971 347 3000 Coa..
365 2975 477 3003 espunta
495 2974 524 2997 Ia
542 2974 655 2998 secanda
675 2981 690 2997 e
1021 2981 1034 3008 5
