2320 3444
152 2426 171 2440 c.
186 2426 224 2445 15²

345 330 477 363 “uariis
501 330 598 363 nouis
620 330 766 362 habetur
796 339 898 372 quam
921 339 983 371 pro
1006 328 1180 361 ueteribus

346 385 360 401 “
372 383 598 424 habe[b]atur.
622 382 764 424 Pagano
781 381 929 414 Baldino
944 381 1108 425 magistro
1125 380 1179 413 Si-

345 437 451 469 “cilie
474 442 591 469 nostre
622 435 842 477 Brund[usio}
878 442 912 468 et
934 436 1070 468 notario
1093 435 1179 468 Ric-

343 491 357 506 “
373 491 479 522 cardo
503 489 662 522 fidelibus
685 489 810 521 nostris
824 488 845 527 ¹,
868 499 954 531 quos
976 499 1040 531 pro
1071 489 1179 521 serui-

345 542 426 575 “tiis
449 543 572 575 nostris
610 542 791 580 micfimus,
822 542 943 574 damus
975 542 1119 574 firmiter
1141 543 1177 574 in

344 596 552 635 “mandatis‚
597 601 635 627 ut
671 606 737 638 per
766 595 920 638 singulas
949 595 1111 628 ciuitates
1145 602 1179 628 et

344 650 450 681 “loca
472 659 548 681 cum
573 649 718 681 consilio
742 648 894 682 iudicum
911 655 946 682 et
961 649 1178 692 quorundam

341 703 356 719 ⁴⁴
370 702 556 745 proborum
573 702 748 734 hominum
764 702 835 734 loci
853 703 1004 735 eiusdem
1028 708 1178 736 statuere

343 755 522 789 “debeant
552 756 702 798 qualiter
731 756 837 789 uendi
869 755 1019 788 debeant
1039 766 1096 789 res
1119 767 1178 789 ue-

343 810 357 826 “
370 809 476 851 nales‚
492 808 612 842 habito
628 815 742 842 tamen
759 814 918 851 respectu
941 819 1004 851 pro
1028 809 1180 842 denariis

343 864 357 880 ¹⁶
370 863 546 896 ueteribus
567 863 821 902 uendebantur,
852 863 1082 906 mandante[s]
1104 863 1180 896 uni-

342 917 357 934 “
369 916 519 948 uersitati
556 922 672 949 uestre
706 922 740 949 et
769 917 912 950 firmiter
949 917 1178 960 iniungentes‚

343 971 538 1012 “quatenus
566 970 698 1003 eisdem
731 980 834 1012 super
865 971 932 1002 hoc
956 970 1119 1003 auxilium
1145 976 1180 1003 et

342 1024 357 1040 ‘⁴
369 1023 560 1062 consilium,
585 1024 734 1066 qualiter
756 1023 831 1055 fieri
849 1023 987 1063 debeat,
1003 1023 1177 1056 tribuatis:

338 1076 352 1092 “
368 1081 557 1109 statuentes
579 1083 617 1109 ut
634 1077 781 1120 quisque
805 1082 970 1109 statutum
987 1077 1112 1119 ipsum,
1135 1088 1179 1110 ex

341 1130 356 1146 ‘⁴
369 1139 437 1172 quo
460 1129 670 1172 publicatum
688 1130 802 1168 fuerit,
818 1130 1007 1174 infringere
1022 1140 1178 1172 presum-

340 1182 486 1225 “pserit,
509 1193 601 1225 pena
624 1193 691 1226 que
715 1183 780 1216 erit
795 1189 923 1216 statuto
948 1183 1109 1226 apposita
1125 1184 1176 1216 fe-

341 1238 355 1253 “
369 1237 488 1274 riatur,
518 1246 621 1279 quam
644 1247 664 1268 a
688 1236 884 1268 Iustitiariis
911 1237 968 1269 uel
990 1237 1178 1279 Catapanis

341 1289 439 1322 “loci
469 1289 622 1322 eiusdem
653 1290 864 1332 precipimus
894 1290 1101 1333 capiendam
1133 1291 1178 1323 ad

342 1343 565 1375 “mandatum
596 1349 748 1376 nostrum
779 1343 928 1376 fideliter
967 1354 1177 1377 conseruan-

342 1396 460 1429 “dam.
506 1396 562 1428 Illi
585 1402 711 1436 autem,
734 1397 794 1440 qui
814 1397 911 1430 iuxta
940 1398 1175 1440 predictorum

342 1451 357 1467 ¹¹
370 1449 624 1482 ordinationem
639 1450 742 1482 iurati
759 1451 891 1483 fuerint
907 1462 1010 1493 super
1025 1452 1178 1498 negotio,

341 1504 356 1521 ‘⁴
369 1503 509 1536 offitium
537 1504 647 1546 ipsum
677 1504 791 1536 taliter
828 1511 1052 1548 exequantur,
1083 1505 1178 1548 quod

342 1557 356 1573 ‘⁴
369 1567 438 1589 non
462 1557 594 1598 possint
617 1557 661 1589 de
684 1557 871 1599 suspitione
895 1557 1022 1600 puniri.

426 1609 441 1625 “
456 1609 581 1642 Datum
606 1611 700 1652 apud
723 1611 942 1650 Catalatrasi,
960 1610 996 1643 x⁰
1015 1611 1177 1655 Septem-

341 1664 356 1680 “
368 1662 438 1695 bris
461 1663 661 1696 indictionis
688 1674 713 1695 x
726 1663 747 1697 ¹.

423 1717 548 1749 Forma
571 1717 776 1760 capitularis
799 1718 948 1761 qualiter
970 1719 1085 1752 iurare
1117 1720 1179 1753 de-

334 1769 440 1802 beant
470 1780 590 1802 omnes
617 1781 637 1802 a
667 1771 782 1804 cruce
814 1772 958 1805 Ordeoli
998 1783 1107 1816 usque
1131 1775 1177 1807 ad

334 1822 461 1855 flumen
483 1823 607 1856 Tronti
621 1825 643 1856 ⁸.

426 1875 531 1920 “Ego
555 1877 632 1910 talis
655 1877 742 1916 iuro,
774 1879 868 1921 quod
900 1879 944 1912 de
967 1879 1034 1911 hac
1059 1890 1120 1912 ora
1142 1880 1178 1913 in

339 1930 354 1947 ‘⁴
367 1935 470 1962 antea
485 1940 556 1963 non
571 1941 713 1974 queram
729 1942 796 1964 nec
818 1932 990 1975 accipiam
1014 1933 1178 1966 denarios

340 1983 354 2000 ¹⁶
368 1992 478 2015 nouos
501 1982 688 2017 Brundusii
704 1995 769 2027 pro
785 1996 869 2018 auro
885 1986 942 2018 uel
960 1993 1105 2030 argento
1121 1987 1178 2019 uel

340 2036 435 2068 “alia
457 2044 595 2069 moneta
625 2038 680 2070 uel
711 2045 866 2071 mercato
897 2040 1045 2083 amplius
1075 2050 1178 2083 quam

340 2088 536 2121 “rationem
571 2091 758 2123 solidorum
794 2102 857 2124 xm
887 2103 950 2135 per
979 2093 1118 2126 unciam
1142 2099 1178 2127 et

340 2142 461 2184 “ipsos
495 2143 654 2177 cambibo
677 2155 742 2178 nec
775 2146 867 2179 dabo
899 2146 944 2179 de
969 2153 1089 2180 aurato
1120 2148 1177 2180 uel

339 2197 353 2212 ‘⁴
367 2196 435 2227 alia
451 2203 589 2229 moneta
604 2198 660 2229 uel
676 2204 831 2232 mercato
847 2199 997 2242 amplius
1014 2210 1117 2243 quam
1131 2201 1176 2234 ad

338 2248 352 2264 “
366 2249 411 2280 ad
424 2249 591 2282 rationem
615 2251 803 2284 solidorum
827 2262 876 2285 XL
892 2264 956 2296 per
970 2254 1123 2287 unciam:
1143 2260 1178 2287 et

340 2303 355 2319 ‘⁴
368 2302 463 2345 quod
479 2313 549 2335 non
567 2304 696 2336 faciam
712 2305 863 2348 aliquem
893 2313 1084 2340 mercatum
1112 2318 1176 2349 pro

340 2356 354 2371 ⁴⁶
367 2354 437 2386 alio
450 2362 595 2399 argento
610 2357 667 2388 uel
684 2358 752 2390 alia
766 2365 905 2392 moneta
920 2370 1022 2402 quam
1035 2370 1099 2402 pro
1115 2360 1177 2392 de-

340 2409 354 2425 “
367 2407 474 2440 nariis
486 2409 587 2441 nouis
602 2410 815 2450 Brundusii‚'
840 2418 875 2444 et
889 2413 984 2455 quod
1007 2422 1078 2445 non
1093 2423 1177 2446 uen-

340 2461 447 2493 “dam
470 2468 651 2505 argentum
678 2464 736 2496 uel
765 2465 947 2498 bolzonem
979 2466 1093 2508 alicui,
1118 2466 1177 2509 qui

337 2515 351 2531 ‘⁴
367 2521 467 2548 extra
502 2516 663 2559 Regnum
686 2524 825 2560 portare
841 2520 1008 2558 uoluerit3
1026 2531 1092 2553 nec
1110 2531 1176 2565 ego

422 2673 446 2691 2.
464 2667 600 2693 habeatur
618 2667 715 2694 GAUD.

426 2819 433 2834 ¹
453 2821 595 2847 Baldulno
616 2830 633 2847 ο
653 2823 778 2850 Baldlno
797 2824 923 2858 Pagano,
941 2826 1087 2851 cittadino
1106 2828 1135 2852 di
1156 2827 1229 2852 Mes-

336 2861 399 2886 sina
417 2869 432 2886 e
452 2866 573 2888 maestro
593 2865 669 2890 della
687 2874 767 2891 zecca
787 2868 817 2892 dl
840 2867 980 2899 Brlndlsl,
999 2867 1014 2893 ὲ
1032 2869 1179 2894 rIcordato
1197 2870 1229 2894 in

336 2904 506 2930 documento
525 2906 686 2939 dell'aprile
707 2915 772 2934 1221
790 2910 819 2934 in
832 2910 1179 2943 ΗυῐιιΑκυ-Βκιξιιοιικε,
1192 2912 1227 2944 11,

337 2954 362 2977 p.
380 2946 445 2979 1693
465 2948 600 2980 ΒὸΗΜΕη,
623 2958 649 2974 n.
672 2951 746 2982 1318.
772 2951 914 2977 Riccardo
935 2955 1039 2978 notaro
1058 2953 1072 2979 ὲ
1092 2955 1113 2978 il
1128 2956 1229 2979 nostro

336 2987 480 3014 Cronlsta.
518 2990 665 3016 Entrambi
685 2992 790 3018 sui-ono
818 2995 969 3020 incaricati
996 2996 1024 3020 di
1051 2996 1182 3021 dividere
1200 2996 1227 3021 la

1246 807 1283 838 10

1246 1075 1283 1108 15

1241 1346 1283 1377 20

1241 1612 1282 1644 25

1240 1881 1282 1913 30

1240 2149 1281 2182 35

1240 2417 1282 2448 40

1284 2834 1380 2852 nuova
1398 2829 1521 2856 moneta,
1536 2828 1616 2852 l’uno
1630 2835 1679 2860 per
1698 2827 1726 2852 la
1745 2834 1795 2852 sua
1814 2826 1920 2860 perizla
1939 2827 1986 2851 nel
2005 2826 2084 2852 conii
2104 2825 2178 2851 delle

1284 2871 1404 2900 monete,
1423 2870 1521 2895 l’altro
1540 2877 1590 2903 per
1608 2871 1636 2895 la
1654 2871 1840 2903 competenza
1857 2869 2011 2902 giuridica.

1371 2911 1382 2928 ²
1401 2912 1447 2938 Cf.
1467 2921 1493 2945 p.
1516 2919 1573 2945 103,
1594 2920 1621 2938 n.
1643 2919 1665 2938 1.

1370 2951 1381 2969 ³
1399 2954 1444 2978 Da
1463 2953 1560 2983 Cmce,
1580 2954 1680 2979 vicino
1697 2953 1857 2978 Rocehetta
1877 2953 1923 2978 uel
1943 2952 2060 2983 Matese,
2078 2951 2136 2977 flno
2149 2951 2177 2976 al
2207 2955 2241 2974 ιο
2278 2944 2288 2969 s

1282 2996 1403 3026 Tronto,
1422 2996 1504 3021 fiume
1524 2996 1601 3022 nella
1620 2996 1716 3021 Mares
1735 2995 1897 3021 d’Ancona.
