2320 3444
106 233 158 271 [Α.
179 234 273 270 121⁷]

892 225 1171 263 CHRONICA

106 373 184 396 cum
208 362 395 395 Ierusalem
419 362 596 396 ciuitatem
625 366 781 394 sanctam
807 366 950 404 propter

105 426 271 460 aquarum
303 416 481 449 defectum
511 426 574 458 per
603 421 730 449 terram
766 414 950 447 commode

104 467 202 502 adire
225 479 295 501 non
317 475 470 511 possent,
493 479 612 501 uersus
634 465 851 500 Damiatam¹
869 466 952 498 Sar-

105 532 310 556 racenorum
333 522 509 555 ciuitatem
533 521 686 554 nobilem
710 527 745 554 et
774 520 951 556 munitam,

104 585 242 608 suarum
267 576 407 608 nauium
432 575 578 608 carbasa
607 574 822 607 direxerunt.
869 573 951 610 Quo

104 638 272 671 prospere
284 629 438 661 faciente
451 628 509 671 qui
521 628 608 660 mari
621 634 657 660 et
667 627 779 660 uentis
791 626 952 669 imperat,

104 681 336 724 applicantes,
360 692 439 715 cum
462 681 601 714 fluvium
631 680 755 722 ingens
786 686 820 711 et
850 678 952 711 turris

104 734 141 767 in
164 745 206 767 eo
229 735 387 777 precelsa
410 739 612 767 constructa
634 733 813 765 transitum
837 732 882 764 ad
903 731 952 763 ci-

104 787 248 821 uitatem
270 789 410 830 penitus
431 786 669 830 prohiberent,
700 785 817 818 coacti
849 783 953 826 [sunt]

104 851 166 874 sua
188 842 295 884 figere
325 841 474 874 tentoria
503 839 600 872 iuxta
630 839 721 871 litus.
768 837 876 876 Quod
902 837 953 870 illi

104 894 150 926 de
173 893 335 927 Damiata
357 893 525 931 uidentes,
549 903 628 925 suos
643 891 806 924 celeriter
821 892 953 934 legatos

105 947 152 980 ad
175 947 364 980 Soldanum
381 944 574 990 [dirigunt]‚
590 955 654 987 per
669 954 756 988 quos
771 953 808 976 se
824 954 844 976 a
861 943 953 975 chri-

15 986 36 1048 J
63 1000 229 1040 metianis
251 998 416 1033 ob'sessos
439 999 686 1043 significantes,
717 1003 755 1029 ut
781 1007 879 1029 suum
907 995 953 1028 ad

105 1053 184 1087 illos
198 1053 372 1086 acceleret
389 1051 616 1095 [succursum]
632 1050 853 1094 expetebant.
881 1048 954 1088 Qui

15 1093 20 1142 Α,
52 1115 54 1118 ’
106 1107 231 1145 statim,
254 1106 406 1140 collecta
428 1104 701 1138 Sarracenorum
733 1109 767 1136 et
793 1103 952 1136 Turcho-

106 1171 183 1193 rum
196 1159 414 1193 multitudine
431 1159 585 1201 copiosa,
600 1157 794 1190 Damiatam
810 1167 846 1189 se
870 1166 954 1189 con-

107 1214 184 1246 tulit
211 1213 284 1246 sine
314 1223 421 1245 mora.
467 1210 549 1250 Quo
579 1211 723 1243 ueniens
749 1215 870 1252 utpote
899 1210 953 1242 uir

106 1266 280 1300 studiosus
304 1273 339 1300 et
369 1265 516 1298 callidus
546 1270 615 1297 tam
646 1264 820 1297 ciuitatem
849 1273 952 1306 quam

106 1319 226 1353 turrim
249 1319 443 1363 predictam
465 1318 549 1351 uiris
571 1317 716 1350 muniuit
746 1322 781 1349 et
810 1315 953 1355 uiribus,

107 1379 143 1407 et
157 1385 202 1406 ne
217 1372 359 1406 fluuium
376 1372 558 1405 christiani
573 1371 714 1414 nauigio
730 1369 953 1413 preterirent‚

107 1426 373 1465 balisteriorum,
396 1425 609 1458 arcariorum
634 1430 670 1457 et
686 1423 836 1455 'militum
852 1432 954 1455 secus

107 1479 218 1523 ipsam
242 1479 376 1522 ampnis
398 1478 508 1521 ripam
532 1478 624 1510 acies
647 1477 843 1510 innumeras
859 1476 953 1509 ordi-

107 1533 214 1566 nauit.
260 1533 363 1565 Tunc
387 1531 564 1565 christiani
588 1532 632 1564 de
649 1531 741 1574 regis
758 1536 792 1563 et
808 1529 953 1563 aliorum

107 1596 310 1630 magnorum
335 1585 510 1619 exercitus
533 1584 678 1618 consilio
707 1590 743 1617 et
772 1593 953 1623 consensu,

107 1645 146 1673 ut
168 1639 364 1672 liberiorem
386 1638 558 1672 haberent
580 1639 626 1671 ad
643 1637 821 1671 ciuitatem
836 1646 953 1669 acces-

108 1704 192 1733 sum,
215 1703 416 1736 expugnare
443 1691 566 1724 turrim
597 1691 759 1734 primitus
789 1689 954 1733 preuide-

43 1756 60 1771 ἰ
108 1752 198 1786 runt,
215 1752 249 1779 et
263 1746 376 1789 pretio
391 1756 412 1778 a
428 1745 457 1778 F
458 1745 629 1779 risonibus
645 1744 703 1788 qui
717 1744 791 1777 illic
807 1743 955 1776 aderant

109 1806 145 1834 et
165 1810 236 1833 una
273 1800 446 1833 conducta
484 1800 631 1837 cohone,
669 1807 771 1841 quam
809 1802 955 1840 propter

109 1853 226 1898 ignem
250 1852 379 1896 que[m]
402 1852 451 1885 hii
473 1852 531 1895 qui
556 1857 654 1884 erant
676 1851 712 1884 in
727 1856 822 1884 turre
838 1850 955 1893 sepius

16 1901 23 1939 ζ
42 1908 48 1922 ‘²
109 1907 285 1940 iaciebant
308 1905 411 1939 coriis
433 1904 623 1938 morticinis
646 1910 681 1938 et
704 1904 779 1937 aliis
800 1903 955 1947 undique

109 1959 314 1994 necessariis
349 1959 560 1998 munierunt,
599 1958 695 1990 uiros
732 1957 884 1990 audaces
920 1961 955 1989 et

16 2030 29 2050 2:
51 2020 59 2058 ³,
108 2013 296 2047 bellicosos
326 2012 360 2045 in
391 2022 444 2052 ea,
476 2012 536 2056 qui
565 2022 628 2054 per
651 2011 781 2044 scalam
805 2010 954 2054 ligneam

22 2072 25 2079 '
54 2064 58 2105 ζ
110 2067 194 2100 satis
221 2066 405 2100 artificiose
436 2065 664 2108 compositam
693 2064 818 2097 turrim
846 2064 955 2106 ipsam

55 2139 59 2142 Δ
110 2119 281 2154 deberent
302 2119 552 2158 conscendere,
577 2118 792 2152 ordinarunt.

20 2183 27 2220 ..¹
111 2183 190 2207 cum
229 2183 334 2216 super
370 2172 511 2205 fluuium
539 2172 711 2206 ducerent
745 2172 862 2215 aliquo
887 2181 956 2203 non

21 2260 38 2269 .‚
58 2231 70 2260 l.
113 2227 285 2266 obstante,
307 2226 392 2259 hinc
415 2226 623 2264 christianis,
646 2226 729 2258 inde
751 2224 955 2258 Sarracenis

20 2279 25 2302 ¹²
55 2291 60 2321 j
113 2280 184 2314 alta
207 2289 295 2312 noce
328 2279 556 2313 clamantibus
587 2284 623 2312 et
652 2289 690 2311 se
721 2278 871 2312 uicissim
903 2278 957 2320 pi-

839 2117 955 2156 Quam

58 2327 61 2355 Ϊ
114 2333 156 2367 lis
185 2333 401 2371 ferientibus,
432 2332 565 2376 sagittis
596 2332 771 2375 dispositis
800 2332 955 2376 undique

73 2414 78 2423 t
115 2386 266 2429 aciebus,
280 2386 437 2419 uolentes
448 2386 508 2429 qui
524 2391 621 2418 erant
632 2385 817 2427 cocho[n]e
830 2385 957 2418 scalam

115 2439 152 2473 in
173 2440 279 2473 turris
300 2449 431 2482 ponere
462 2439 689 2472 summitatem
721 2445 755 2472 et
778 2449 842 2482 per
864 2438 958 2471 illam

72 2530 87 2540 μ
117 2493 354 2526 conscendere
378 2498 482 2535 prout
504 2492 620 2525 fuerat
643 2491 852 2532 ordinatum,
876 2492 958 2524 dum

32 2563 34 2566 >
117 2546 313 2580 niterentur
335 2545 400 2578 uiri
423 2545 559 2578 cordati
576 2556 664 2578 unus
679 2545 715 2578 in
738 2545 960 2578 ascendendo

33 2601 53 2628 ε’
119 2600 263 2634 alterum
280 2599 475 2642 preuenire,
491 2609 570 2632 mox
586 2598 622 2632 in
636 2605 752 2642 partes
767 2598 862 2632 scala
877 2609 962 2632 con-

59 2637 66 2686 ’ἱ
119 2653 242 2692 fracta,
264 2652 401 2686 loricati
423 2652 558 2690 milites,
580 2652 693 2695 pro[h]
723 2651 845 2685 dolori
869 2651 962 2685 ceci-

75 2803 78 2830 ss
212 2797 252 2822 ¹3·
269 2789 451 2822 algnlficante
473 2790 535 2814 Cod.
560 2801 593 2806 —
620 2794 662 2812 22.
683 2788 826 2822 arripiens
847 2789 910 2814 Cod.
930 2802 961 2807 —

74 2859 78 2867 ,
122 2833 165 2860 28.
183 2836 211 2859 et
236 2835 283 2859 lna
305 2833 369 2859 Cod.
392 2846 405 2853 -
424 2834 535 2858 cobone
555 2833 618 2858 Cod.
639 2846 672 2850 —
691 2839 734 2865 39.
754 2833 878 2858 cochone
899 2835 962 2859 Cod.

49 3001 61 3014 =·,-
214 2976 221 2993 ¹
243 2977 384 3007 Damlata,
409 2978 504 3002 antica
529 2977 699 3009 Tamiathis,
725 2978 770 3002 nel
796 2978 879 3002 basso
904 2978 1012 3011 Egltto,

43 3025 48 3035 '·'
61 3017 76 3047 '1‘
127 3020 164 3046 cs.
181 3020 344 3049 Renmcur.
368 3021 448 3046 Gesta
467 3021 610 3046 obsidionis
630 3021 785 3052 Damiatae,
813 3021 843 3045 ln
871 3020 964 3045 Revue
983 3021 1014 3045 de

1021 838 1059 870 lO

1020 1104 1059 1137 15

1017 1373 1059 1404 20

1017 1639 1058 1672 25

1018 1909 1060 1942 30

1020 2176 1060 2208 35

1023 2443 1065 2475 40

1111 359 1221 402 ripam
1258 358 1351 391 acies
1385 357 1636 391 balistariorum
1674 364 1710 391 et
1747 358 1959 391 arcariorum

1110 412 1308 446 innumeras
1334 411 1521 444 ordinauit.
1567 411 1670 444 Tunc
1702 411 1882 445 christiani
1915 412 1958 444 de

1111 466 1215 509 regis,
1238 471 1275 498 et
1297 466 1442 498 aliorum
1467 465 1626 509 consilio,
1649 471 1684 498 et
1706 475 1877 499 consensu
1900 465 1960 508 qui

1111 524 1276 561 preerant
1298 519 1476 557 exercitui,
1507 525 1544 552 ut
1574 518 1722 552 liberior
1751 519 1801 552 eis
1823 525 1961 562 pateret

1113 574 1159 605 ad
1182 573 1357 606 ciuitatem
1395 583 1568 610 accessus,
1609 583 1810 617 expugnare
1839 573 1960 605 turrim

1113 624 1272 666 primitus
1295 626 1533 667 preuiderunt,
1565 632 1598 658 et
1621 627 1736 669 pretio
1760 637 1780 658 a
1806 626 1961 659 Frisoni-

1113 678 1176 711 bus
1200 690 1267 711 una
1283 680 1459 713 conducta
1475 681 1636 713 cochone
1649 680 1674 720 ¹,
1690 692 1794 725 quam
1816 685 1961 723 propter

1111 731 1228 774 ignem
1251 742 1353 775 quem
1377 734 1428 766 illi
1452 735 1511 778 qui
1535 741 1634 768 erant
1657 735 1692 766 in
1723 735 1820 774 turri,
1847 734 1962 777 sepius

1111 785 1298 824 iaciebant,
1322 788 1426 819 coriis
1457 789 1648 822 morticinis
1679 795 1713 821 et
1744 788 1820 821 aliis
1844 798 1961 821 neces·

1113 838 1211 871 sariis
1233 838 1389 882 undique
1413 842 1620 880 munierunt,
1637 842 1733 874 uiros
1749 842 1912 880 audaces,
1927 846 1963 874 et

1113 890 1298 924 bellicosos
1314 893 1373 935 qui
1388 904 1453 935 per
1468 894 1595 927 scalam
1613 895 1765 938 ligneam
1781 895 1863 927 satis
1879 894 1963 927 arti-

1113 944 1231 976 ficiose
1264 946 1490 987 compositam
1523 947 1692 980 deberent
1725 948 1963 980 conscendere

1114 1004 1242 1030 turrem
1266 998 1387 1040 ipsam,
1418 1001 1624 1034 ordinarunt
1655 1008 1688 1034 et
1718 1007 1907 1044 posuerunt
1928 1001 1962 1033 in

1114 1062 1166 1084 ea.
1213 1051 1327 1090 Quam
1352 1062 1430 1084 cum
1454 1063 1519 1096 per
1541 1055 1682 1087 fluuium
1707 1055 1874 1088 ducerent
1898 1055 1964 1087 ali-

1114 1114 1182 1148 quo
1200 1115 1268 1137 non
1285 1104 1453 1145 obstante,
1471 1107 1552 1140 hinc
1566 1107 1768 1140 Sarracenis
1781 1108 1861 1140 hinc
1875 1108 1963 1141 chri-

1111 1157 1231 1190 stianis
1254 1158 1323 1190 alta
1346 1170 1434 1192 uoce
1458 1160 1699 1199 clamantibus,
1731 1171 1837 1204 seque
1861 1161 1964 1194 uicis-

1113 1211 1177 1244 sim
1201 1211 1408 1244 ferientibus
1429 1211 1552 1244 iaculis
1577 1217 1611 1244 et
1634 1212 1778 1255 sagittis,
1794 1212 1963 1252 uolentes,

1113 1266 1172 1309 qui
1196 1271 1294 1298 erant
1314 1265 1352 1298 in
1376 1266 1536 1298 cochone
1559 1266 1689 1299 scalam
1712 1266 1746 1298 in
1777 1267 1879 1299 turris
1902 1276 1964 1308 po-

1114 1329 1198 1352 nere
1221 1318 1427 1354 summitate,
1452 1322 1488 1349 et
1509 1327 1573 1359 per
1601 1316 1696 1348 illam
1727 1318 1964 1350 conscendere

1112 1379 1215 1416 prout
1238 1373 1356 1405 fuerat
1378 1370 1585 1410 ordinatum,
1610 1371 1691 1403 dum
1720 1370 1913 1403 niterentur
1928 1370 1965 1402 in

1113 1425 1336 1460 ascendendo
1358 1424 1423 1458 uiri
1445 1424 1582 1457 cordati
1605 1425 1693 1457 alter
1717 1423 1862 1457 alterum
1891 1434 1965 1467 pre-

1113 1481 1245 1518 uenire‚
1268 1489 1350 1511 mox
1372 1477 1410 1510 in
1432 1483 1550 1520 partes
1583 1477 1678 1510 scala
1701 1478 1894 1520 confracta,
1919 1477 1965 1510 Ιο-

1112 1533 1214 1566 ricati
1237 1532 1376 1570 milites,
1399 1532 1488 1575 proh
1513 1531 1634 1564 dolori
1651 1532 1865 1570 ceciderunt,
1882 1542 1967 1575 quo-

1114 1598 1188 1620 rum
1230 1586 1324 1618 haud
1366 1585 1508 1618 dubium
1550 1591 1602 1618 est
1631 1585 1668 1617 in
1699 1586 1810 1618 celum
1854 1586 1965 1618 anime

1114 1640 1303 1674 auolarunt.
1327 1639 1372 1672 Et
1394 1639 1502 1671 nostri
1526 1644 1608 1672 tunc
1630 1638 1839 1681 imperfecto
1855 1649 1965 1682 nego-

1112 1694 1161 1727 tio
1184 1694 1299 1727 tristes
1322 1698 1410 1731 sunt,
1433 1693 1620 1726 letantibus
1643 1703 1662 1724 e
1687 1693 1860 1725 contrario
1884 1691 1966 1724 Sar-

1112 1747 1259 1786 racenis,
1274 1745 1320 1779 ad
1337 1751 1450 1779 castra
1465 1746 1597 1779 reuersi
1612 1758 1620 1784 ;
1644 1756 1710 1779 nec
1726 1752 1843 1779 tamen
1860 1746 1965 1778 desti-

1115 1806 1230 1834 terunt
1253 1811 1273 1832 a
1295 1799 1416 1843 ceptis,
1440 1799 1525 1842 quin
1555 1799 1659 1833 immo
1683 1800 1728 1832 ad
1758 1799 1964 1842 capiendam

1114 1861 1240 1887 turrem
1256 1853 1366 1896 ipsam
1389 1853 1630 1885 uehementius
1653 1853 1860 1885 animantur.
1906 1852 1963 1885 Ad

1114 1919 1217 1952 quam
1241 1916 1320 1939 cum
1342 1916 1406 1949 per
1429 1917 1536 1949 aquas
1559 1906 1781 1944 accederent,
1804 1905 1963 1938 nauibus'

1115 1968 1151 1995 et
1172 1960 1343 1994 scalarum
1365 1957 1516 1999 ingeniis
1538 1957 1731 2001 geminatis,
1754 1963 1788 1990 et
1811 1968 1875 2000 per
1898 1963 1962 1989 ter·

1114 2027 1187 2049 ram
1204 2016 1328 2048 darent
1343 2017 1381 2045 ut
1396 2017 1570 2055 poterant,
1586 2012 1789 2055 frequentes
1805 2010 1963 2048 insultus,

1115 2070 1234 2103 diuina
1257 2068 1402 2100 dextera
1426 2065 1593 2105 faciente,
1614 2076 1730 2098 mense
1755 2063 1900 2108 Augusti
1924 2064 1962 2096 in

1115 2122 1208 2154 festo
1242 2117 1334 2152 beati
1366 2117 1603 2150 Bartholomei
1637 2117 1794 2159 apostoli,
1830 2122 1959 2150 turrem

1116 2176 1225 2218 ipsam
1249 2173 1482 2217 optinuerunt,
1506 2176 1541 2204 et
1557 2171 1615 2213 qui
1630 2171 1665 2203 in
1682 2181 1724 2203 ea
1739 2170 1870 2202 inuenti
1887 2176 1965 2203 sunt

1116 2227 1240 2273 gladiis
1277 2225 1476 2260 occubuere
1514 2230 1720 2264 nostrorum,
1758 2224 1964 2268 quibusdam

1117 2281 1346 2315 nobilioribus
1367 2279 1555 2312 reseruatis
1578 2280 1623 2311 ad
1645 2279 1762 2315 uitam,
1787 2290 1873 2322 quos
1902 2289 1965 2310 rex

1117 2333 1438 2368 lherosolimitanus
1466 2332 1580 2365 uictos
1618 2331 1740 2365 Accon
1774 2332 1892 2375 dirigit
1930 2331 1965 2363 in

1119 2387 1267 2421 uictorie
1290 2387 1437 2431 signum.

1211 2796 1252 2823 27.
1274 2790 1339 2814 inde
1358 2790 1449 2814 invece
1468 2789 1498 2813 di
1513 2791 1607 2813 tamen
1628 2788 1702 2813 Ucu.

1066 2978 1190 3004 I‘Orient
1208 2978 1285 3010 latin,
1306 2978 1395 3006 Paris.
1419 2977 1493 3009 1879,
1515 2984 1562 3010 pp.
1582 2982 1693 3009 71-115.

1157 3019 1168 3036 ²
1188 3021 1267 3045 Nave
1285 3020 1400 3053 grande.

1987 571 2142 596 Expugnatio
2150 572 2200 591 tur-

2014 605 2022 618 r
2028 598 2048 619 is
2055 599 2164 618 Damnate
2170 598 2199 618 si·

2015 627 2036 645 Ie
2046 625 2070 645 ιή
2075 625 2197 650 βιυηανία,

2054 1921 2074 1935 c.
2089 1921 2138 1940 ur

1992 2067 2013 2087 C
2011 2066 2107 2087 ristiam'
2114 2068 2201 2087 turrem

2016 2094 2171 2118 optmuerunt.
