2320 3444
386 263 476 300 LIV
1137 258 1479 296 PREFAZIONE

473 395 664 439 Gregorius
677 393 698 427 ¹.
744 393 969 437 Sequentium
1001 403 1116 425 rerum
1147 393 1322 426 certitudo
1354 399 1406 426 est
1435 392 1678 436 preteritarum
1709 393 1894 428 exhibitio:
1926 395 2040 428 celum
2071 401 2107 429 et
2129 401 2224 428 terra

381 448 586 486 transibunt,
609 448 717 480 uerba
739 453 855 479 autem
879 457 955 479 mea
977 456 1047 479 non
1063 446 1293 489 preteribunt.
1339 446 1399 479 Nil
1414 447 1451 479 in
1467 457 1581 479 rerum
1598 447 1831 489 corporalium
1846 453 1970 482 natura
1986 448 2063 481 celo
2079 454 2115 482 et
2129 454 2223 482 terra

384 502 586 540 durabilius,
607 507 643 534 et
666 502 714 533 nil
736 501 772 533 in
795 511 910 533 rerum
927 506 1050 533 natura
1064 505 1136 532 tam
1151 499 1322 533 uelociter
1337 511 1441 544 quam
1457 510 1570 533 sermo
1587 500 1718 534 transit.
1740 500 1860 534 Uerba
1875 500 1950 534 eius
1965 511 2145 545 quousque
2160 501 2225 534 im-

382 556 541 598 perfecta
552 561 640 594 sunt,
657 555 766 587 uerba
781 565 850 587 non
867 559 955 592 sunt,
968 564 1048 586 cum
1059 564 1144 586 uero
1161 554 1319 596 perfecta
1332 554 1475 593 tuerint,
1491 554 1634 587 omnino
1650 555 1719 587 iam
1737 565 1807 588 non
1819 561 1910 595 sunt,
1926 556 2010 599 quia
2025 565 2092 589 nec
2103 554 2226 599 perfici

381 609 446 641 nisi
467 609 681 642 transeundo
704 614 863 651 possunt;
889 607 935 640 ait
958 617 1043 652 ergo
1067 608 1180 640 celum
1203 613 1239 640 et
1262 613 1356 640 terra
1378 607 1584 647 transibunt,
1600 608 1710 641 uerba
1727 614 1841 641 autem
1854 619 1933 641 mea
1949 618 2019 642 non
2042 609 2221 649 transient,

384 672 425 695 ac
449 662 478 694 si
500 668 622 705 aperte
646 663 759 695 dicat:
785 671 888 694 omne
912 662 1007 704 quod
1030 661 1125 703 apud
1146 671 1210 694 uos
1233 661 1394 694 durabile
1419 667 1481 700 est,
1505 663 1579 694 sine
1602 662 1793 695 mutatione
1817 661 1974 695 durabile
1997 663 2044 695 ad
2067 662 2226 696 eternita·
2277 667 2286 695 θ’

383 721 452 748 tem
475 726 546 748 non
570 721 630 755 est,
655 721 690 748 et
712 725 814 748 omne
838 714 933 758 quod
955 715 1049 757 apud
1073 725 1126 747 me
1150 715 1295 748 transire
1320 715 1485 753 cernitur,
1510 715 1612 747 fixum
1638 721 1672 748 et
1695 716 1771 748 sine
1802 716 1948 748 transitu
1971 721 2122 756 tenetur,
2143 715 2227 760 quia
2275 727 2278 742 ῑ

381 769 454 802 sine
477 769 724 806 mutabilitate;
749 775 928 801 manentes
950 768 1138 802 sententias
1161 768 1323 811 exprimit
1346 779 1443 801 meus
1458 779 1571 802 sermo
1594 769 1651 812 qui
1676 769 1807 802 transit.
1853 767 1976 802 Sicut¹
1992 769 2028 802 in
2044 769 2226 803 iuuentute

379 823 475 867 uiget
498 833 623 865 corpus
647 823 753 863 forte,
778 829 812 855 et
836 822 1009 855 incolume
1033 828 1150 855 manet
1171 828 1305 865 pectus,
1336 828 1453 856 torosa
1476 823 1608 865 ceruix,
1631 824 1737 866 plena
1759 829 1839 856 sunt
1862 823 2018 856 brachia.
2062 822 2103 856 In
2124 822 2227 856 annis

381 883 494 909 autem
518 876 687 909 senilibus
710 882 840 909 statura
872 883 1049 915 curuatur,
1081 876 1203 909 ceruix
1232 876 1392 909 exiccata
1423 877 1622 919 deponitur,
1650 877 1895 920 frequentibus
1925 876 2081 920 suspiriis
2101 882 2226 920 pectus

380 936 534 973 urgetur,
557 930 668 962 uirtus
691 930 824 968 deficit,
847 929 1020 973 loquentis
1043 929 1150 963 uerba
1173 929 1322 963 anelitus
1345 929 1534 969 intercidit,
1556 941 1636 963 nam
1658 937 1693 963 et
1707 931 1736 963 si
1752 931 1901 974 languor
1915 930 2009 964 desit
2024 930 2228 975 plerumque
2274 928 2295 961 ἰ

381 984 531 1022 senibus,
554 984 631 1026 ipsa
654 994 714 1016 sua
736 984 829 1016 salus
851 984 1014 1027 egritudo
1037 989 1098 1016 est.
1143 984 1196 1017 Ita
1218 984 1366 1017 mundus
1389 984 1541 1031 inannis
1555 984 1731 1027 prioribus
1746 984 1851 1017 uelud
1867 984 1902 1016 in
1914 984 2092 1019 iuuentute
2104 984 2228 1029 uiguit,

380 1038 426 1070 ad
456 1037 719 1081 propagandam
750 1037 893 1070 humani
923 1038 1062 1081 generis
1092 1037 1227 1080 prolem
1255 1037 1416 1071 robustus
1446 1038 1523 1077 fuit,
1554 1038 1664 1071 salute
1696 1039 1855 1081 corporis
1884 1038 2020 1077 uiridis,
2049 1038 2228 1082 opulentia
2280 1044 2293 1085 ζ

381 1102 498 1123 rerum
520 1091 671 1134 pingtfls3
695 1097 731 1123 at
753 1101 845 1124 nunc
867 1091 943 1134 ipse
966 1101 1028 1123 sua
1050 1096 1232 1125 senectute
1256 1091 1472 1134 deprimitur,
1495 1092 1617 1135 sieque
1639 1093 1686 1126 ad
1708 1091 1863 1125 uicinam
1885 1097 2032 1125 mortem
2062 1091 2228 1126 molestiis
2281 1110 2285 1118 ·

383 1145 622 1178 crescentibus
644 1150 796 1188 urgetur.
2253 1145 2288 1188 Ιχ

474 1255 483 1272 ¹
503 1255 613 1285 Questo
644 1257 657 1270 “
669 1256 851 1290 Gregorius„
878 1256 892 1282 ὲ
917 1257 994 1282 forse
1019 1257 1042 1282 il
1073 1258 1087 1272 ¹
1102 1257 1211 1282 nobilis
1236 1258 1282 1283 vir
1335 1259 1381 1283 cui
1396 1259 1421 1283 si
1441 1258 1522 1291 parla
1543 1258 1589 1283 nel
1609 1259 1671 1284 doc.
1689 1257 1767 1284 XLII
1787 1258 1833 1283 del
1852 1265 1887 1291 24
1903 1265 1968 1291 gen.
1983 1258 2096 1291 1232111
2110 1258 2232 1292 Regem
2273 1273 2293 1291 '.

388 1297 537 1324 “domnus
563 1298 719 1332 Gregorius
738 1300 772 1324 de
791 1300 976 1333 Montenlgro
987 1318 1011 1331 ‚„
1033 1300 1149 1325 fratello
1165 1300 1196 1324 di
1214 1300 1283 1325 Ric-
1336 1301 1368 1325 di
1385 1300 1536 1325 Tommso
1555 1300 1692 1333 Dromo,
1713 1301 1773 1331 cit„
1790 1308 1817 1334 p.
1837 1299 1882 1333 69.
2259 1295 2288 1335 ςῖ

387 1340 473 1366 cardo
487 1342 654 1374 giuntiziere
672 1342 824 1374 imperiale
842 1350 857 1367 e
875 1342 958 1374 figlio
972 1342 1017 1367 del
1032 1342 1062 1367 su
1076 1342 1233 1373 Landolso,
1252 1342 1282 1367 di
1426 1340 1437 1358 ²
1454 1341 1563 1372 Pnn‘rz,
1585 1343 1632 1368 sic.
2278 1339 2280 1341 ’
