<?xml version="1.0" encoding="UTF-8"?>
<!DOCTYPE html PUBLIC "-//W3C//DTD XHTML 1.0 Transitional//EN"
    "http://www.w3.org/TR/xhtml1/DTD/xhtml1-transitional.dtd">
<html xmlns="http://www.w3.org/1999/xhtml" xml:lang="en" lang="en">
 <head>
  <title>
</title>
<meta http-equiv="Content-Type" content="text/html;charset=utf-8" />
  <meta name='ocr-system' content='tesseract 3.04.00' />
  <meta name='ocr-capabilities' content='ocr_page ocr_carea ocr_par ocr_line ocrx_word'/>
</head>
<body>
  <div class='ocr_page' id='page_1' title='image "./rerumitalicarums72murauoft_0207.png"; bbox 0 0 2320 3444; ppageno 0'>
   <div class='ocr_carea' id='block_1_1' title="bbox 24 223 1924 283">
    <p class='ocr_par' dir='ltr' id='par_1_1' title="bbox 24 223 1924 283">
     <span class='ocr_line' id='line_1_1' title="bbox 24 223 1924 283; baseline -0.004 -7"><span class='ocrx_word' id='word_1_1' title='bbox 24 223 38 278; x_wconf 75' lang='grc' dir='ltr'>ἶ.</span> <span class='ocrx_word' id='word_1_2' title='bbox 91 243 143 283; x_wconf 67' lang='grc' dir='ltr'>[Α.</span> <span class='ocrx_word' id='word_1_3' title='bbox 163 246 257 283; x_wconf 79' lang='lat'><strong>122⁵]</strong></span> <span class='ocrx_word' id='word_1_4' title='bbox 872 237 1147 273; x_wconf 86' lang='lat' dir='ltr'>CHRONICA</span> <span class='ocrx_word' id='word_1_5' title='bbox 1226 253 1231 257; x_wconf 87' lang='lat'><strong>·</strong></span> <span class='ocrx_word' id='word_1_6' title='bbox 1857 233 1924 268; x_wconf 85' lang='lat'>131</span> 
     </span>
    </p>
   </div>
   <div class='ocr_carea' id='block_1_2' title="bbox 19 368 1052 2868">
    <p class='ocr_par' dir='ltr' id='par_1_2' title="bbox 97 368 939 415">
     <span class='ocr_line' id='line_1_2' title="bbox 97 368 939 415; baseline -0.006 -10"><span class='ocrx_word' id='word_1_7' title='bbox 97 374 112 390; x_wconf 83' lang='lat'>“</span> <span class='ocrx_word' id='word_1_8' title='bbox 124 372 301 405; x_wconf 82' lang='lat' dir='ltr'>biennium</span> <span class='ocrx_word' id='word_1_9' title='bbox 317 372 351 404; x_wconf 87' lang='lat' dir='ltr'>in</span> <span class='ocrx_word' id='word_1_10' title='bbox 368 371 528 415; x_wconf 79' lang='lat' dir='ltr'>expensis</span> <span class='ocrx_word' id='word_1_11' title='bbox 543 371 614 403; x_wconf 88' lang='lat' dir='ltr'>suis</span> <span class='ocrx_word' id='word_1_12' title='bbox 629 377 750 404; x_wconf 88' lang='lat' dir='ltr'>tenere</span> <span class='ocrx_word' id='word_1_13' title='bbox 763 369 859 402; x_wconf 88' lang='lat' dir='ltr'>mille</span> <span class='ocrx_word' id='word_1_14' title='bbox 875 368 939 400; x_wconf 90' lang='lat' dir='ltr'>mi-</span> 
     </span>
    </p>

    <p class='ocr_par' dir='ltr' id='par_1_3' title="bbox 26 418 936 474">
     <span class='ocr_line' id='line_1_3' title="bbox 93 421 936 468; baseline -0.009 -7.589"><span class='ocrx_word' id='word_1_15' title='bbox 93 425 109 443; x_wconf 88' lang='lat'>“</span> <span class='ocrx_word' id='word_1_16' title='bbox 124 427 204 459; x_wconf 87' lang='lat' dir='ltr'>lites</span> <span class='ocrx_word' id='word_1_17' title='bbox 226 426 263 458; x_wconf 90' lang='lat' dir='ltr'>in</span> <span class='ocrx_word' id='word_1_18' title='bbox 286 425 442 468; x_wconf 87' lang='lat' dir='ltr'>partibus</span> <span class='ocrx_word' id='word_1_19' title='bbox 478 423 733 458; x_wconf 81' lang='lat' dir='ltr'>transmarinis:</span> <span class='ocrx_word' id='word_1_20' title='bbox 766 423 812 455; x_wconf 90' lang='lat' dir='ltr'>ita</span> <span class='ocrx_word' id='word_1_21' title='bbox 840 428 876 454; x_wconf 92' lang='lat' dir='ltr'>ut</span> <span class='ocrx_word' id='word_1_22' title='bbox 907 421 936 453; x_wconf 88' lang='lat' dir='ltr'>si</span> 
     </span>
    </p>

    <p class='ocr_par' dir='ltr' id='par_1_4' title="bbox 21 479 936 522">
     <span class='ocr_line' id='line_1_4' title="bbox 34 479 936 522; baseline -0.008 -9.099"><span class='ocrx_word' id='word_1_23' title='bbox 34 510 38 513; x_wconf 76' lang='grc'>,</span> <span class='ocrx_word' id='word_1_24' title='bbox 94 481 110 498; x_wconf 82' lang='lat'>“</span> <span class='ocrx_word' id='word_1_25' title='bbox 123 479 247 522; x_wconf 87' lang='lat' dir='ltr'>aliquis</span> <span class='ocrx_word' id='word_1_26' title='bbox 269 479 314 512; x_wconf 92' lang='lat' dir='ltr'>de</span> <span class='ocrx_word' id='word_1_27' title='bbox 338 479 413 521; x_wconf 90' lang='lat' dir='ltr'>ipso</span> <span class='ocrx_word' id='word_1_28' title='bbox 444 487 588 510; x_wconf 87' lang='lat' dir='ltr'>numero</span> <span class='ocrx_word' id='word_1_29' title='bbox 619 483 746 510; x_wconf 88' lang='lat' dir='ltr'>statuto</span> <span class='ocrx_word' id='word_1_30' title='bbox 777 482 936 518; x_wconf 91' lang='lat' dir='ltr'>tempore</span> 
     </span>
    </p>

    <p class='ocr_par' dir='ltr' id='par_1_5' title="bbox 19 530 939 578">
     <span class='ocr_line' id='line_1_5' title="bbox 19 530 939 578; baseline -0.005 -13"><span class='ocrx_word' id='word_1_31' title='bbox 19 574 35 578; x_wconf 57' lang='lat'><em>„</em></span> <span class='ocrx_word' id='word_1_32' title='bbox 97 533 247 565; x_wconf 83' lang='lat' dir='ltr'>“deesse</span> <span class='ocrx_word' id='word_1_33' title='bbox 270 532 490 575; x_wconf 83' lang='lat' dir='ltr'>contingerit,</span> <span class='ocrx_word' id='word_1_34' title='bbox 513 541 546 563; x_wconf 81' lang='lat' dir='ltr'>L.</span> <span class='ocrx_word' id='word_1_35' title='bbox 570 530 697 563; x_wconf 87' lang='lat' dir='ltr'>marcis</span> <span class='ocrx_word' id='word_1_36' title='bbox 718 539 783 572; x_wconf 90' lang='lat' dir='ltr'>per</span> <span class='ocrx_word' id='word_1_37' title='bbox 812 539 939 561; x_wconf 91' lang='lat' dir='ltr'>annum</span> 
     </span>
    </p>

    <p class='ocr_par' dir='ltr' id='par_1_6' title="bbox 26 579 1043 682">
     <span class='ocr_line' id='line_1_6' title="bbox 95 579 1043 620; baseline -0.009 0.389"><span class='ocrx_word' id='word_1_38' title='bbox 95 587 110 604; x_wconf 76' lang='lat'>‘²</span> <span class='ocrx_word' id='word_1_39' title='bbox 122 587 283 620; x_wconf 78' lang='lat' dir='ltr'>defectus</span> <span class='ocrx_word' id='word_1_40' title='bbox 294 586 411 619; x_wconf 88' lang='lat' dir='ltr'>militis</span> <span class='ocrx_word' id='word_1_41' title='bbox 425 586 627 618; x_wconf 87' lang='lat' dir='ltr'>redimetur.</span> <span class='ocrx_word' id='word_1_42' title='bbox 672 582 864 616; x_wconf 87' lang='lat' dir='ltr'>Pecuniam</span> <span class='ocrx_word' id='word_1_43' title='bbox 880 592 939 614; x_wconf 87' lang='lat' dir='ltr'>au·</span> <span class='ocrx_word' id='word_1_44' title='bbox 1025 579 1043 612; x_wconf 87' lang='lat'>5</span> 
     </span>
     <span class='ocr_line' id='line_1_7' title="bbox 35 634 938 682; baseline -0.008 -9"><span class='ocrx_word' id='word_1_45' title='bbox 35 656 38 658; x_wconf 32' lang='lat' dir='ltr'>v</span> <span class='ocrx_word' id='word_1_46' title='bbox 96 641 112 658; x_wconf 72' lang='lat'>‘⁴</span> <span class='ocrx_word' id='word_1_47' title='bbox 122 645 191 672; x_wconf 90' lang='lat' dir='ltr'>tem</span> <span class='ocrx_word' id='word_1_48' title='bbox 203 640 400 673; x_wconf 88' lang='lat' dir='ltr'>huiusmodi</span> <span class='ocrx_word' id='word_1_49' title='bbox 413 639 652 682; x_wconf 89' lang='lat' dir='ltr'>redemptione</span> <span class='ocrx_word' id='word_1_50' title='bbox 666 637 851 670; x_wconf 88' lang='lat' dir='ltr'>collectam</span> <span class='ocrx_word' id='word_1_51' title='bbox 863 634 938 678; x_wconf 90' lang='lat' dir='ltr'>ipse</span> 
     </span>
    </p>

    <p class='ocr_par' dir='ltr' id='par_1_7' title="bbox 97 689 941 736">
     <span class='ocr_line' id='line_1_8' title="bbox 97 689 941 736; baseline -0.008 -10"><span class='ocrx_word' id='word_1_52' title='bbox 97 694 111 711; x_wconf 71' lang='lat'>⁸</span> <span class='ocrx_word' id='word_1_53' title='bbox 124 693 326 736; x_wconf 88' lang='lat' dir='ltr'>Imperator,</span> <span class='ocrx_word' id='word_1_54' title='bbox 350 694 379 725; x_wconf 87' lang='lat' dir='ltr'>si</span> <span class='ocrx_word' id='word_1_55' title='bbox 394 693 444 726; x_wconf 90' lang='lat' dir='ltr'>ibi</span> <span class='ocrx_word' id='word_1_56' title='bbox 460 692 577 734; x_wconf 75' lang='lat' dir='ltr'>fuerit,</span> <span class='ocrx_word' id='word_1_57' title='bbox 593 691 639 724; x_wconf 87' lang='lat' dir='ltr'>ad</span> <span class='ocrx_word' id='word_1_58' title='bbox 655 689 890 723; x_wconf 90' lang='lat' dir='ltr'>testimonium</span> <span class='ocrx_word' id='word_1_59' title='bbox 906 693 941 720; x_wconf 90' lang='lat' dir='ltr'>et</span> 
     </span>
    </p>

    <p class='ocr_par' dir='ltr' id='par_1_8' title="bbox 96 741 940 789">
     <span class='ocr_line' id='line_1_9' title="bbox 96 741 940 789; baseline -0.008 -10"><span class='ocrx_word' id='word_1_60' title='bbox 96 747 111 764; x_wconf 83' lang='lat'>“</span> <span class='ocrx_word' id='word_1_61' title='bbox 121 746 332 789; x_wconf 88' lang='lat' dir='ltr'>consi[lium]</span> <span class='ocrx_word' id='word_1_62' title='bbox 345 746 581 789; x_wconf 88' lang='lat' dir='ltr'>predictorum</span> <span class='ocrx_word' id='word_1_63' title='bbox 593 744 686 787; x_wconf 86' lang='lat' dir='ltr'>regis</span> <span class='ocrx_word' id='word_1_64' title='bbox 697 741 940 775; x_wconf 87' lang='lat' dir='ltr'>Ierosolimita-</span> 
     </span>
    </p>

    <p class='ocr_par' dir='ltr' id='par_1_9' title="bbox 97 795 939 843">
     <span class='ocr_line' id='line_1_10' title="bbox 97 795 939 843; baseline -0.007 -10"><span class='ocrx_word' id='word_1_65' title='bbox 97 801 153 832; x_wconf 82' lang='lat' dir='ltr'>“ni</span> <span class='ocrx_word' id='word_1_66' title='bbox 168 806 203 832; x_wconf 91' lang='lat' dir='ltr'>et</span> <span class='ocrx_word' id='word_1_67' title='bbox 214 800 425 842; x_wconf 85' lang='lat' dir='ltr'>patriarche,</span> <span class='ocrx_word' id='word_1_68' title='bbox 437 798 593 843; x_wconf 83' lang='lat' dir='ltr'>magistri</span> <span class='ocrx_word' id='word_1_69' title='bbox 608 796 798 839; x_wconf 78' lang='lat' dir='ltr'>Hospitalis</span> <span class='ocrx_word' id='word_1_70' title='bbox 809 795 939 828; x_wconf 90' lang='lat' dir='ltr'>Teuto-</span> 
     </span>
    </p>

    <p class='ocr_par' dir='ltr' id='par_1_10' title="bbox 20 846 1045 954">
     <span class='ocr_line' id='line_1_11' title="bbox 22 846 1045 895; baseline -0.009 -8"><span class='ocrx_word' id='word_1_71' title='bbox 22 885 29 890; x_wconf 71' lang='grc'>,,</span> <span class='ocrx_word' id='word_1_72' title='bbox 94 853 276 886; x_wconf 79' lang='lat' dir='ltr'>“nieorum</span> <span class='ocrx_word' id='word_1_73' title='bbox 290 858 325 886; x_wconf 91' lang='lat' dir='ltr'>et</span> <span class='ocrx_word' id='word_1_74' title='bbox 338 853 484 886; x_wconf 86' lang='lat' dir='ltr'>aliorum</span> <span class='ocrx_word' id='word_1_75' title='bbox 500 850 688 895; x_wconf 88' lang='lat' dir='ltr'>proborum</span> <span class='ocrx_word' id='word_1_76' title='bbox 705 849 749 883; x_wconf 85' lang='lat' dir='ltr'>de</span> <span class='ocrx_word' id='word_1_77' title='bbox 764 854 858 882; x_wconf 85' lang='lat' dir='ltr'>terra</span> <span class='ocrx_word' id='word_1_78' title='bbox 873 847 941 881; x_wconf 67' lang='lat' dir='ltr'>ibi·r</span> <span class='ocrx_word' id='word_1_79' title='bbox 1007 846 1045 879; x_wconf 87' lang='lat'>10</span> 
     </span>
     <span class='ocr_line' id='line_1_12' title="bbox 32 902 941 944; baseline -0.01 -3.117"><span class='ocrx_word' id='word_1_80' title='bbox 32 902 35 913; x_wconf 26' lang='grc' dir='ltr'>ἶ</span> <span class='ocrx_word' id='word_1_81' title='bbox 94 908 109 924; x_wconf 81' lang='lat'>⁸</span> <span class='ocrx_word' id='word_1_82' title='bbox 124 907 204 940; x_wconf 88' lang='lat' dir='ltr'>dem</span> <span class='ocrx_word' id='word_1_83' title='bbox 225 906 273 940; x_wconf 84' lang='lat' dir='ltr'>acl</span> <span class='ocrx_word' id='word_1_84' title='bbox 295 907 473 940; x_wconf 88' lang='lat' dir='ltr'>seruitium</span> <span class='ocrx_word' id='word_1_85' title='bbox 495 905 575 938; x_wconf 82' lang='lat' dir='ltr'>Iesu</span> <span class='ocrx_word' id='word_1_86' title='bbox 591 903 720 937; x_wconf 82' lang='lat' dir='ltr'>Christi</span> <span class='ocrx_word' id='word_1_87' title='bbox 737 902 941 944; x_wconf 85' lang='lat' dir='ltr'>expendere</span> 
     </span>
    </p>

    <p class='ocr_par' dir='ltr' id='par_1_11' title="bbox 16 955 938 1005">
     <span class='ocr_line' id='line_1_13' title="bbox 93 955 938 1000; baseline -0.012 -4.919"><span class='ocrx_word' id='word_1_88' title='bbox 93 961 108 978; x_wconf 79' lang='lat'>⁸</span> <span class='ocrx_word' id='word_1_89' title='bbox 124 961 160 993; x_wconf 88' lang='lat' dir='ltr'>in</span> <span class='ocrx_word' id='word_1_90' title='bbox 184 971 265 993; x_wconf 87' lang='lat' dir='ltr'>usus</span> <span class='ocrx_word' id='word_1_91' title='bbox 288 960 428 992; x_wconf 88' lang='lat' dir='ltr'>eosdem</span> <span class='ocrx_word' id='word_1_92' title='bbox 451 958 509 991; x_wconf 90' lang='lat' dir='ltr'>uel</span> <span class='ocrx_word' id='word_1_93' title='bbox 531 958 617 991; x_wconf 83' lang='lat' dir='ltr'>alios</span> <span class='ocrx_word' id='word_1_94' title='bbox 640 961 743 1000; x_wconf 91' lang='lat' dir='ltr'>prout</span> <span class='ocrx_word' id='word_1_95' title='bbox 759 955 811 988; x_wconf 90' lang='lat' dir='ltr'>eis</span> <span class='ocrx_word' id='word_1_96' title='bbox 825 955 938 987; x_wconf 91' lang='lat' dir='ltr'>uisum</span> 
     </span>
    </p>

    <p class='ocr_par' dir='ltr' id='par_1_12' title="bbox 96 1008 939 1057">
     <span class='ocr_line' id='line_1_14' title="bbox 96 1008 939 1057; baseline -0.009 -10"><span class='ocrx_word' id='word_1_97' title='bbox 96 1015 112 1032; x_wconf 68' lang='lat'><em>⁸</em></span> <span class='ocrx_word' id='word_1_98' title='bbox 124 1014 231 1047; x_wconf 80' lang='lat' dir='ltr'>fuerit</span> <span class='ocrx_word' id='word_1_99' title='bbox 245 1013 393 1057; x_wconf 90' lang='lat' dir='ltr'>amplius</span> <span class='ocrx_word' id='word_1_100' title='bbox 415 1012 593 1055; x_wconf 89' lang='lat' dir='ltr'>expedire.</span> <span class='ocrx_word' id='word_1_101' title='bbox 639 1008 746 1048; x_wconf 87' lang='lat' dir='ltr'>Quod</span> <span class='ocrx_word' id='word_1_102' title='bbox 770 1009 798 1041; x_wconf 88' lang='lat' dir='ltr'>si</span> <span class='ocrx_word' id='word_1_103' title='bbox 821 1008 939 1050; x_wconf 89' lang='lat' dir='ltr'>aliquo</span> 
     </span>
    </p>

    <p class='ocr_par' dir='ltr' id='par_1_13' title="bbox 97 1060 941 1110">
     <span class='ocr_line' id='line_1_15' title="bbox 97 1060 941 1110; baseline -0.009 -9"><span class='ocrx_word' id='word_1_104' title='bbox 97 1069 112 1086; x_wconf 76' lang='lat'>⁸</span> <span class='ocrx_word' id='word_1_105' title='bbox 123 1079 206 1101; x_wconf 84' lang='lat' dir='ltr'>casu</span> <span class='ocrx_word' id='word_1_106' title='bbox 223 1068 471 1110; x_wconf 87' lang='lat' dir='ltr'>Imperatorem</span> <span class='ocrx_word' id='word_1_107' title='bbox 487 1065 598 1108; x_wconf 84' lang='lat' dir='ltr'>ipsum</span> <span class='ocrx_word' id='word_1_108' title='bbox 614 1061 827 1106; x_wconf 78' lang='lat' dir='ltr'>contingerit</span> <span class='ocrx_word' id='word_1_109' title='bbox 841 1060 941 1094; x_wconf 88' lang='lat' dir='ltr'>abes-</span> 
     </span>
    </p>

    <p class='ocr_par' dir='ltr' id='par_1_14' title="bbox 97 1113 1044 1219">
     <span class='ocr_line' id='line_1_16' title="bbox 97 1113 1044 1162; baseline -0.008 -8"><span class='ocrx_word' id='word_1_110' title='bbox 97 1119 174 1161; x_wconf 81' lang='lat' dir='ltr'>“se,</span> <span class='ocrx_word' id='word_1_111' title='bbox 188 1125 378 1153; x_wconf 83' lang='lat' dir='ltr'>memorata</span> <span class='ocrx_word' id='word_1_112' title='bbox 392 1118 544 1162; x_wconf 87' lang='lat' dir='ltr'>pecunia</span> <span class='ocrx_word' id='word_1_113' title='bbox 566 1118 603 1150; x_wconf 90' lang='lat' dir='ltr'>in</span> <span class='ocrx_word' id='word_1_114' title='bbox 625 1116 861 1160; x_wconf 88' lang='lat' dir='ltr'>predictorum</span> <span class='ocrx_word' id='word_1_115' title='bbox 885 1125 940 1147; x_wconf 94' lang='lat' dir='ltr'>re-</span> <span class='ocrx_word' id='word_1_116' title='bbox 1007 1113 1044 1146; x_wconf 90' lang='lat'>15</span> 
     </span>
     <span class='ocr_line' id='line_1_17' title="bbox 98 1169 941 1219; baseline -0.009 -11"><span class='ocrx_word' id='word_1_117' title='bbox 98 1176 113 1192; x_wconf 72' lang='lat'>¹⁴</span> <span class='ocrx_word' id='word_1_118' title='bbox 124 1175 178 1219; x_wconf 86' lang='lat' dir='ltr'>gis</span> <span class='ocrx_word' id='word_1_119' title='bbox 201 1180 235 1207; x_wconf 88' lang='lat' dir='ltr'>et</span> <span class='ocrx_word' id='word_1_120' title='bbox 257 1172 455 1216; x_wconf 83' lang='lat' dir='ltr'>patriarche</span> <span class='ocrx_word' id='word_1_121' title='bbox 473 1182 515 1204; x_wconf 89' lang='lat' dir='ltr'>ac</span> <span class='ocrx_word' id='word_1_122' title='bbox 538 1170 692 1214; x_wconf 85' lang='lat' dir='ltr'>magistri</span> <span class='ocrx_word' id='word_1_123' title='bbox 709 1170 832 1203; x_wconf 91' lang='lat' dir='ltr'>domus</span> <span class='ocrx_word' id='word_1_124' title='bbox 847 1169 941 1201; x_wconf 93' lang='lat' dir='ltr'>Teu-</span> 
     </span>
    </p>

    <p class='ocr_par' dir='ltr' id='par_1_15' title="bbox 97 1222 940 1266">
     <span class='ocr_line' id='line_1_18' title="bbox 97 1222 940 1266; baseline -0.007 -6"><span class='ocrx_word' id='word_1_125' title='bbox 97 1230 112 1246; x_wconf 68' lang='lat'><em>*</em></span> <span class='ocrx_word' id='word_1_126' title='bbox 125 1227 320 1260; x_wconf 87' lang='lat' dir='ltr'>tonicorum</span> <span class='ocrx_word' id='word_1_127' title='bbox 332 1226 491 1259; x_wconf 90' lang='lat' dir='ltr'>manibus</span> <span class='ocrx_word' id='word_1_128' title='bbox 503 1224 710 1266; x_wconf 89' lang='lat' dir='ltr'>deponetur,</span> <span class='ocrx_word' id='word_1_129' title='bbox 723 1233 788 1266; x_wconf 90' lang='lat' dir='ltr'>per</span> <span class='ocrx_word' id='word_1_130' title='bbox 799 1223 894 1265; x_wconf 89' lang='lat' dir='ltr'>ipsos</span> <span class='ocrx_word' id='word_1_131' title='bbox 904 1222 940 1254; x_wconf 88' lang='lat' dir='ltr'>in</span> 
     </span>
    </p>

    <p class='ocr_par' dir='ltr' id='par_1_16' title="bbox 97 1277 942 1323">
     <span class='ocr_line' id='line_1_19' title="bbox 97 1277 942 1323; baseline -0.007 -9"><span class='ocrx_word' id='word_1_132' title='bbox 97 1283 112 1300; x_wconf 86' lang='lat'>“</span> <span class='ocrx_word' id='word_1_133' title='bbox 121 1282 234 1315; x_wconf 88' lang='lat' dir='ltr'>Terre</span> <span class='ocrx_word' id='word_1_134' title='bbox 246 1285 366 1313; x_wconf 89' lang='lat' dir='ltr'>sancte</span> <span class='ocrx_word' id='word_1_135' title='bbox 378 1279 518 1323; x_wconf 84' lang='lat' dir='ltr'>negotio</span> <span class='ocrx_word' id='word_1_136' title='bbox 529 1277 771 1321; x_wconf 83' lang='lat' dir='ltr'>expendenda.</span> <span class='ocrx_word' id='word_1_137' title='bbox 784 1277 942 1309; x_wconf 87' lang='lat' dir='ltr'>Tenetur</span> 
     </span>
    </p>

    <p class='ocr_par' dir='ltr' id='par_1_17' title="bbox 96 1329 1046 1538">
     <span class='ocr_line' id='line_1_20' title="bbox 97 1329 940 1376; baseline -0.008 -8"><span class='ocrx_word' id='word_1_138' title='bbox 97 1337 113 1353; x_wconf 70' lang='lat'><strong><em>²</em></strong></span> <span class='ocrx_word' id='word_1_139' title='bbox 125 1335 230 1368; x_wconf 87' lang='lat' dir='ltr'>etiam</span> <span class='ocrx_word' id='word_1_140' title='bbox 245 1335 329 1366; x_wconf 88' lang='lat' dir='ltr'>dare</span> <span class='ocrx_word' id='word_1_141' title='bbox 342 1333 540 1376; x_wconf 81' lang='lat' dir='ltr'>passagium</span> <span class='ocrx_word' id='word_1_142' title='bbox 555 1331 691 1365; x_wconf 88' lang='lat' dir='ltr'>duobus</span> <span class='ocrx_word' id='word_1_143' title='bbox 701 1330 842 1364; x_wconf 85' lang='lat' dir='ltr'>milibus</span> <span class='ocrx_word' id='word_1_144' title='bbox 853 1329 940 1362; x_wconf 83' lang='lat' dir='ltr'>mili-</span> 
     </span>
     <span class='ocr_line' id='line_1_21' title="bbox 96 1383 1046 1427; baseline -0.008 -5"><span class='ocrx_word' id='word_1_145' title='bbox 96 1389 193 1422; x_wconf 82' lang='lat' dir='ltr'>“tum</span> <span class='ocrx_word' id='word_1_146' title='bbox 208 1394 244 1421; x_wconf 89' lang='lat' dir='ltr'>et</span> <span class='ocrx_word' id='word_1_147' title='bbox 258 1387 398 1420; x_wconf 76' lang='lat' dir='ltr'>famulis</span> <span class='ocrx_word' id='word_1_148' title='bbox 410 1386 610 1419; x_wconf 90' lang='lat' dir='ltr'>eorumdem</span> <span class='ocrx_word' id='word_1_149' title='bbox 627 1395 669 1418; x_wconf 91' lang='lat' dir='ltr'>ac</span> <span class='ocrx_word' id='word_1_150' title='bbox 682 1395 745 1427; x_wconf 90' lang='lat' dir='ltr'>pro</span> <span class='ocrx_word' id='word_1_151' title='bbox 755 1383 864 1416; x_wconf 87' lang='lat' dir='ltr'>milite</span> <span class='ocrx_word' id='word_1_152' title='bbox 880 1383 939 1416; x_wconf 87' lang='lat' dir='ltr'>tri-</span> <span class='ocrx_word' id='word_1_153' title='bbox 1004 1383 1046 1414; x_wconf 90' lang='lat'>20</span> 
     </span>
     <span class='ocr_line' id='line_1_22' title="bbox 97 1436 941 1484; baseline -0.008 -9"><span class='ocrx_word' id='word_1_154' title='bbox 97 1444 112 1460; x_wconf 78' lang='lat'>‘⁴</span> <span class='ocrx_word' id='word_1_155' title='bbox 125 1442 190 1475; x_wconf 88' lang='lat' dir='ltr'>bus</span> <span class='ocrx_word' id='word_1_156' title='bbox 201 1440 302 1484; x_wconf 86' lang='lat' dir='ltr'>equis</span> <span class='ocrx_word' id='word_1_157' title='bbox 314 1445 348 1472; x_wconf 89' lang='lat' dir='ltr'>et</span> <span class='ocrx_word' id='word_1_158' title='bbox 360 1440 490 1472; x_wconf 90' lang='lat' dir='ltr'>ducere</span> <span class='ocrx_word' id='word_1_159' title='bbox 502 1448 622 1471; x_wconf 89' lang='lat' dir='ltr'>secum</span> <span class='ocrx_word' id='word_1_160' title='bbox 636 1447 667 1470; x_wconf 86' lang='lat' dir='ltr'>c.</span> <span class='ocrx_word' id='word_1_161' title='bbox 684 1436 894 1470; x_wconf 89' lang='lat' dir='ltr'>chelandros</span> <span class='ocrx_word' id='word_1_162' title='bbox 907 1442 941 1468; x_wconf 85' lang='lat' dir='ltr'>et</span> 
     </span>
     <span class='ocr_line' id='line_1_23' title="bbox 98 1489 940 1538; baseline -0.008 -11"><span class='ocrx_word' id='word_1_163' title='bbox 98 1496 246 1528; x_wconf 85' lang='lat' dir='ltr'>“tenere</span> <span class='ocrx_word' id='word_1_164' title='bbox 269 1503 302 1525; x_wconf 75' lang='lat' dir='ltr'>L.</span> <span class='ocrx_word' id='word_1_165' title='bbox 324 1492 444 1538; x_wconf 81' lang='lat' dir='ltr'>galeas</span> <span class='ocrx_word' id='word_1_166' title='bbox 466 1502 530 1535; x_wconf 90' lang='lat' dir='ltr'>per</span> <span class='ocrx_word' id='word_1_167' title='bbox 559 1497 670 1524; x_wconf 88' lang='lat' dir='ltr'>totum</span> <span class='ocrx_word' id='word_1_168' title='bbox 701 1489 890 1528; x_wconf 88' lang='lat' dir='ltr'>biennium,</span> <span class='ocrx_word' id='word_1_169' title='bbox 914 1489 940 1521; x_wconf 89' lang='lat' dir='ltr'>si</span> 
     </span>
    </p>

    <p class='ocr_par' dir='ltr' id='par_1_18' title="bbox 98 1543 942 1589">
     <span class='ocr_line' id='line_1_24' title="bbox 98 1543 942 1589; baseline -0.008 -8"><span class='ocrx_word' id='word_1_170' title='bbox 98 1551 113 1567; x_wconf 77' lang='lat'>‘⁴</span> <span class='ocrx_word' id='word_1_171' title='bbox 123 1548 230 1581; x_wconf 72' lang='lat' dir='ltr'>fuerit</span> <span class='ocrx_word' id='word_1_172' title='bbox 241 1557 384 1580; x_wconf 89' lang='lat' dir='ltr'>necesse</span> <span class='ocrx_word' id='word_1_173' title='bbox 397 1551 563 1583; x_wconf 83' lang='lat' dir='ltr'>armatas;</span> <span class='ocrx_word' id='word_1_174' title='bbox 578 1544 672 1589; x_wconf 88' lang='lat' dir='ltr'>quod</span> <span class='ocrx_word' id='word_1_175' title='bbox 684 1543 714 1577; x_wconf 88' lang='lat' dir='ltr'>si</span> <span class='ocrx_word' id='word_1_176' title='bbox 726 1544 842 1587; x_wconf 86' lang='lat' dir='ltr'>aliquo</span> <span class='ocrx_word' id='word_1_177' title='bbox 858 1548 942 1575; x_wconf 91' lang='lat' dir='ltr'>tem-</span> 
     </span>
    </p>

    <p class='ocr_par' dir='ltr' id='par_1_19' title="bbox 98 1597 943 1646">
     <span class='ocr_line' id='line_1_25' title="bbox 98 1597 943 1646; baseline -0.007 -11"><span class='ocrx_word' id='word_1_178' title='bbox 98 1603 113 1620; x_wconf 84' lang='lat'><strong>“</strong></span> <span class='ocrx_word' id='word_1_179' title='bbox 127 1612 214 1646; x_wconf 87' lang='lat' dir='ltr'>pore</span> <span class='ocrx_word' id='word_1_180' title='bbox 238 1601 348 1645; x_wconf 89' lang='lat' dir='ltr'>ipsius</span> <span class='ocrx_word' id='word_1_181' title='bbox 370 1599 503 1633; x_wconf 89' lang='lat' dir='ltr'>biennii</span> <span class='ocrx_word' id='word_1_182' title='bbox 522 1599 611 1636; x_wconf 88' lang='lat' dir='ltr'>illas,</span> <span class='ocrx_word' id='word_1_183' title='bbox 626 1597 683 1630; x_wconf 90' lang='lat' dir='ltr'>uel</span> <span class='ocrx_word' id='word_1_184' title='bbox 700 1597 782 1642; x_wconf 89' lang='lat' dir='ltr'>quia</span> <span class='ocrx_word' id='word_1_185' title='bbox 798 1607 943 1630; x_wconf 87' lang='lat' dir='ltr'>necesse</span> 
     </span>
    </p>

    <p class='ocr_par' dir='ltr' id='par_1_20' title="bbox 99 1650 1046 1747">
     <span class='ocr_line' id='line_1_26' title="bbox 99 1650 1046 1695; baseline -0.006 -7"><span class='ocrx_word' id='word_1_186' title='bbox 99 1657 115 1674; x_wconf 81' lang='lat'><strong>“</strong></span> <span class='ocrx_word' id='word_1_187' title='bbox 127 1665 196 1688; x_wconf 89' lang='lat' dir='ltr'>non</span> <span class='ocrx_word' id='word_1_188' title='bbox 214 1661 304 1687; x_wconf 89' lang='lat' dir='ltr'>esset</span> <span class='ocrx_word' id='word_1_189' title='bbox 313 1654 371 1687; x_wconf 92' lang='lat' dir='ltr'>uel</span> <span class='ocrx_word' id='word_1_190' title='bbox 387 1654 432 1687; x_wconf 91' lang='lat' dir='ltr'>ob</span> <span class='ocrx_word' id='word_1_191' title='bbox 443 1653 546 1687; x_wconf 86' lang='lat' dir='ltr'>aliam</span> <span class='ocrx_word' id='word_1_192' title='bbox 559 1663 698 1685; x_wconf 89' lang='lat' dir='ltr'>causam</span> <span class='ocrx_word' id='word_1_193' title='bbox 712 1652 941 1695; x_wconf 87' lang='lat' dir='ltr'>contingeret,</span> <span class='ocrx_word' id='word_1_194' title='bbox 1005 1650 1046 1682; x_wconf 88' lang='lat'>25</span> 
     </span>
     <span class='ocr_line' id='line_1_27' title="bbox 100 1706 941 1747; baseline -0.008 -4"><span class='ocrx_word' id='word_1_195' title='bbox 100 1711 115 1728; x_wconf 75' lang='lat'>‘⁶</span> <span class='ocrx_word' id='word_1_196' title='bbox 127 1719 198 1743; x_wconf 89' lang='lat' dir='ltr'>non</span> <span class='ocrx_word' id='word_1_197' title='bbox 228 1715 347 1742; x_wconf 87' lang='lat' dir='ltr'>tenere</span> <span class='ocrx_word' id='word_1_198' title='bbox 371 1707 630 1741; x_wconf 85' lang='lat' dir='ltr'>extimabuntur</span> <span class='ocrx_word' id='word_1_199' title='bbox 654 1706 803 1740; x_wconf 85' lang='lat' dir='ltr'>fideliter</span> <span class='ocrx_word' id='word_1_200' title='bbox 825 1715 941 1747; x_wconf 90' lang='lat' dir='ltr'>sump-</span> 
     </span>
    </p>

    <p class='ocr_par' dir='ltr' id='par_1_21' title="bbox 100 1757 942 1806">
     <span class='ocr_line' id='line_1_28' title="bbox 100 1757 942 1806; baseline -0.008 -10"><span class='ocrx_word' id='word_1_201' title='bbox 100 1765 181 1796; x_wconf 85' lang='lat' dir='ltr'>“tus</span> <span class='ocrx_word' id='word_1_202' title='bbox 203 1763 255 1796; x_wconf 86' lang='lat' dir='ltr'>illi</span> <span class='ocrx_word' id='word_1_203' title='bbox 278 1763 338 1806; x_wconf 88' lang='lat' dir='ltr'>qui</span> <span class='ocrx_word' id='word_1_204' title='bbox 360 1762 398 1794; x_wconf 88' lang='lat' dir='ltr'>in</span> <span class='ocrx_word' id='word_1_205' title='bbox 421 1761 471 1794; x_wconf 89' lang='lat' dir='ltr'>eis</span> <span class='ocrx_word' id='word_1_206' title='bbox 493 1760 655 1794; x_wconf 87' lang='lat' dir='ltr'>tenendis</span> <span class='ocrx_word' id='word_1_207' title='bbox 677 1757 867 1793; x_wconf 87' lang='lat' dir='ltr'>necessarii</span> <span class='ocrx_word' id='word_1_208' title='bbox 883 1758 942 1789; x_wconf 89' lang='lat' dir='ltr'>ha-</span> 
     </span>
    </p>

    <p class='ocr_par' dir='ltr' id='par_1_22' title="bbox 99 1816 943 1852">
     <span class='ocr_line' id='line_1_29' title="bbox 99 1816 943 1852; baseline -0.009 -1"><span class='ocrx_word' id='word_1_209' title='bbox 99 1819 115 1835; x_wconf 80' lang='lat'>“</span> <span class='ocrx_word' id='word_1_210' title='bbox 127 1816 294 1851; x_wconf 87' lang='lat' dir='ltr'>berentur</span> <span class='ocrx_word' id='word_1_211' title='bbox 310 1817 339 1849; x_wconf 91' lang='lat' dir='ltr'>si</span> <span class='ocrx_word' id='word_1_212' title='bbox 355 1820 557 1848; x_wconf 89' lang='lat' dir='ltr'>tenerentur</span> <span class='ocrx_word' id='word_1_213' title='bbox 573 1819 719 1852; x_wconf 85' lang='lat' dir='ltr'>armate,</span> <span class='ocrx_word' id='word_1_214' title='bbox 743 1818 778 1846; x_wconf 85' lang='lat' dir='ltr'>et</span> <span class='ocrx_word' id='word_1_215' title='bbox 793 1817 943 1845; x_wconf 89' lang='lat' dir='ltr'>tantum-</span> 
     </span>
    </p>

    <p class='ocr_par' dir='ltr' id='par_1_23' title="bbox 101 1865 943 1912">
     <span class='ocr_line' id='line_1_30' title="bbox 101 1865 943 1912; baseline -0.008 -9"><span class='ocrx_word' id='word_1_216' title='bbox 101 1871 116 1888; x_wconf 85' lang='lat'>“</span> <span class='ocrx_word' id='word_1_217' title='bbox 127 1871 207 1903; x_wconf 90' lang='lat' dir='ltr'>dem</span> <span class='ocrx_word' id='word_1_218' title='bbox 219 1869 255 1902; x_wconf 90' lang='lat' dir='ltr'>in</span> <span class='ocrx_word' id='word_1_219' title='bbox 269 1869 420 1912; x_wconf 89' lang='lat' dir='ltr'>pecunia</span> <span class='ocrx_word' id='word_1_220' title='bbox 435 1872 617 1900; x_wconf 86' lang='lat' dir='ltr'>numerata</span> <span class='ocrx_word' id='word_1_221' title='bbox 628 1866 768 1900; x_wconf 88' lang='lat' dir='ltr'>exoluet</span> <span class='ocrx_word' id='word_1_222' title='bbox 783 1866 820 1898; x_wconf 90' lang='lat' dir='ltr'>in</span> <span class='ocrx_word' id='word_1_223' title='bbox 836 1865 943 1908; x_wconf 89' lang='lat' dir='ltr'>ipsius</span> 
     </span>
    </p>

    <p class='ocr_par' dir='ltr' id='par_1_24' title="bbox 101 1919 1049 2020">
     <span class='ocr_line' id='line_1_31' title="bbox 101 1919 1049 1964; baseline -0.007 -7"><span class='ocrx_word' id='word_1_224' title='bbox 101 1925 116 1942; x_wconf 82' lang='lat'>“</span> <span class='ocrx_word' id='word_1_225' title='bbox 128 1923 242 1956; x_wconf 88' lang='lat' dir='ltr'>Terre</span> <span class='ocrx_word' id='word_1_226' title='bbox 257 1928 380 1956; x_wconf 89' lang='lat' dir='ltr'>sancte</span> <span class='ocrx_word' id='word_1_227' title='bbox 395 1921 540 1964; x_wconf 88' lang='lat' dir='ltr'>negotio</span> <span class='ocrx_word' id='word_1_228' title='bbox 556 1919 801 1963; x_wconf 85' lang='lat' dir='ltr'>expendenda,</span> <span class='ocrx_word' id='word_1_229' title='bbox 812 1929 855 1951; x_wconf 90' lang='lat' dir='ltr'>eo</span> <span class='ocrx_word' id='word_1_230' title='bbox 871 1927 944 1950; x_wconf 89' lang='lat' dir='ltr'>mo·</span> <span class='ocrx_word' id='word_1_231' title='bbox 1007 1919 1049 1951; x_wconf 87' lang='grc'>30</span> 
     </span>
     <span class='ocr_line' id='line_1_32' title="bbox 102 1971 942 2020; baseline -0.008 -10"><span class='ocrx_word' id='word_1_232' title='bbox 102 1978 118 1995; x_wconf 85' lang='lat'>“</span> <span class='ocrx_word' id='word_1_233' title='bbox 129 1977 176 2010; x_wconf 87' lang='lat' dir='ltr'>do</span> <span class='ocrx_word' id='word_1_234' title='bbox 198 1977 294 2020; x_wconf 91' lang='lat' dir='ltr'>quod</span> <span class='ocrx_word' id='word_1_235' title='bbox 324 1974 484 2018; x_wconf 89' lang='lat' dir='ltr'>superius</span> <span class='ocrx_word' id='word_1_236' title='bbox 508 1975 552 2007; x_wconf 91' lang='lat' dir='ltr'>de</span> <span class='ocrx_word' id='word_1_237' title='bbox 576 1984 610 2006; x_wconf 61' lang='lat'>12.</span> <span class='ocrx_word' id='word_1_238' title='bbox 638 1972 765 2006; x_wconf 85' lang='lat' dir='ltr'>marcis</span> <span class='ocrx_word' id='word_1_239' title='bbox 793 1971 942 2004; x_wconf 84' lang='lat' dir='ltr'>militum</span> 
     </span>
    </p>

    <p class='ocr_par' dir='ltr' id='par_1_25' title="bbox 103 2024 944 2072">
     <span class='ocr_line' id='line_1_33' title="bbox 103 2024 944 2072; baseline -0.008 -9"><span class='ocrx_word' id='word_1_240' title='bbox 103 2031 182 2063; x_wconf 82' lang='lat' dir='ltr'>“est</span> <span class='ocrx_word' id='word_1_241' title='bbox 204 2039 419 2072; x_wconf 85' lang='lat' dir='ltr'>expressum.</span> <span class='ocrx_word' id='word_1_242' title='bbox 465 2027 624 2060; x_wconf 85' lang='lat' dir='ltr'>Tenetur</span> <span class='ocrx_word' id='word_1_243' title='bbox 653 2035 792 2070; x_wconf 89' lang='lat' dir='ltr'>quoque</span> <span class='ocrx_word' id='word_1_244' title='bbox 815 2026 851 2057; x_wconf 90' lang='lat' dir='ltr'>in</span> <span class='ocrx_word' id='word_1_245' title='bbox 873 2024 944 2057; x_wconf 88' lang='lat' dir='ltr'>sin-</span> 
     </span>
    </p>

    <p class='ocr_par' dir='ltr' id='par_1_26' title="bbox 103 2079 945 2127">
     <span class='ocr_line' id='line_1_34' title="bbox 103 2079 945 2127; baseline -0.008 -10"><span class='ocrx_word' id='word_1_246' title='bbox 103 2085 118 2102; x_wconf 85' lang='lat'><strong>“</strong></span> <span class='ocrx_word' id='word_1_247' title='bbox 130 2083 222 2127; x_wconf 83' lang='lat' dir='ltr'>gulis</span> <span class='ocrx_word' id='word_1_248' title='bbox 245 2081 414 2126; x_wconf 83' lang='lat' dir='ltr'>passagiis</span> <span class='ocrx_word' id='word_1_249' title='bbox 437 2079 564 2113; x_wconf 79' lang='lat' dir='ltr'>futuris</span> <span class='ocrx_word' id='word_1_250' title='bbox 580 2090 600 2111; x_wconf 89' lang='lat' dir='ltr'>a</span> <span class='ocrx_word' id='word_1_251' title='bbox 614 2084 773 2121; x_wconf 89' lang='lat' dir='ltr'>tempore</span> <span class='ocrx_word' id='word_1_252' title='bbox 790 2088 859 2121; x_wconf 89' lang='lat' dir='ltr'>quo</span> <span class='ocrx_word' id='word_1_253' title='bbox 875 2084 945 2110; x_wconf 91' lang='lat' dir='ltr'>ter-</span> 
     </span>
    </p>

    <p class='ocr_par' dir='ltr' id='par_1_27' title="bbox 103 2132 944 2179">
     <span class='ocr_line' id='line_1_35' title="bbox 103 2132 944 2179; baseline -0.008 -9"><span class='ocrx_word' id='word_1_254' title='bbox 103 2138 118 2155; x_wconf 83' lang='lat'>“</span> <span class='ocrx_word' id='word_1_255' title='bbox 130 2137 260 2170; x_wconf 89' lang='lat' dir='ltr'>minum</span> <span class='ocrx_word' id='word_1_256' title='bbox 281 2134 545 2179; x_wconf 84' lang='lat' dir='ltr'>prorogauimus</span> <span class='ocrx_word' id='word_1_257' title='bbox 560 2142 669 2177; x_wconf 86' lang='lat' dir='ltr'>usque</span> <span class='ocrx_word' id='word_1_258' title='bbox 686 2133 732 2165; x_wconf 86' lang='lat' dir='ltr'>ad</span> <span class='ocrx_word' id='word_1_259' title='bbox 746 2132 859 2175; x_wconf 91' lang='lat' dir='ltr'>ipsum</span> <span class='ocrx_word' id='word_1_260' title='bbox 875 2137 944 2164; x_wconf 87' lang='lat' dir='ltr'>ter-</span> 
     </span>
    </p>

    <p class='ocr_par' dir='ltr' id='par_1_28' title="bbox 103 2183 1049 2337">
     <span class='ocr_line' id='line_1_36' title="bbox 104 2183 1049 2230; baseline -0.007 -7"><span class='ocrx_word' id='word_1_261' title='bbox 104 2192 119 2208; x_wconf 81' lang='lat'>“</span> <span class='ocrx_word' id='word_1_262' title='bbox 131 2191 261 2223; x_wconf 89' lang='lat' dir='ltr'>minum</span> <span class='ocrx_word' id='word_1_263' title='bbox 294 2189 331 2221; x_wconf 88' lang='lat' dir='ltr'>in</span> <span class='ocrx_word' id='word_1_264' title='bbox 365 2187 524 2221; x_wconf 88' lang='lat' dir='ltr'>manibus</span> <span class='ocrx_word' id='word_1_265' title='bbox 555 2186 648 2230; x_wconf 89' lang='lat' dir='ltr'>regis</span> <span class='ocrx_word' id='word_1_266' title='bbox 678 2184 943 2218; x_wconf 89' lang='lat' dir='ltr'>Ierosolimitani</span> <span class='ocrx_word' id='word_1_267' title='bbox 1009 2183 1049 2218; x_wconf 90' lang='grc'>35</span> 
     </span>
     <span class='ocr_line' id='line_1_37' title="bbox 103 2238 943 2286; baseline -0.008 -9"><span class='ocrx_word' id='word_1_268' title='bbox 103 2245 118 2262; x_wconf 79' lang='grc'>“</span> <span class='ocrx_word' id='word_1_269' title='bbox 129 2254 172 2277; x_wconf 88' lang='lat' dir='ltr'>ac</span> <span class='ocrx_word' id='word_1_270' title='bbox 195 2241 394 2286; x_wconf 80' lang='lat' dir='ltr'>patriarche</span> <span class='ocrx_word' id='word_1_271' title='bbox 419 2246 454 2273; x_wconf 89' lang='lat' dir='ltr'>et</span> <span class='ocrx_word' id='word_1_272' title='bbox 475 2239 633 2283; x_wconf 85' lang='lat' dir='ltr'>magistri</span> <span class='ocrx_word' id='word_1_273' title='bbox 664 2240 786 2272; x_wconf 87' lang='lat' dir='ltr'>domus</span> <span class='ocrx_word' id='word_1_274' title='bbox 812 2238 943 2271; x_wconf 81' lang='lat' dir='ltr'>Teuto-</span> 
     </span>
     <span class='ocr_line' id='line_1_38' title="bbox 103 2291 945 2337; baseline -0.01 -7"><span class='ocrx_word' id='word_1_275' title='bbox 103 2297 288 2330; x_wconf 84' lang='lat' dir='ltr'>“nicorum</span> <span class='ocrx_word' id='word_1_276' title='bbox 318 2295 495 2337; x_wconf 90' lang='lat' dir='ltr'>deponere</span> <span class='ocrx_word' id='word_1_277' title='bbox 523 2302 582 2326; x_wconf 76' lang='lat' dir='ltr'>xx,</span> <span class='ocrx_word' id='word_1_278' title='bbox 606 2292 703 2326; x_wconf 86' lang='lat' dir='ltr'>milia</span> <span class='ocrx_word' id='word_1_279' title='bbox 725 2293 846 2326; x_wconf 87' lang='lat' dir='ltr'>uncias</span> <span class='ocrx_word' id='word_1_280' title='bbox 869 2291 945 2323; x_wconf 88' lang='lat' dir='ltr'>auri</span> 
     </span>
    </p>

    <p class='ocr_par' dir='ltr' id='par_1_29' title="bbox 103 2339 946 2394">
     <span class='ocr_line' id='line_1_39' title="bbox 103 2339 946 2394; baseline -0.007 -11"><span class='ocrx_word' id='word_1_281' title='bbox 103 2352 119 2369; x_wconf 84' lang='lat'>“</span> <span class='ocrx_word' id='word_1_282' title='bbox 132 2348 405 2394; x_wconf 83' lang='lat' dir='ltr'>equiualentiam</span> <span class='ocrx_word' id='word_1_283' title='bbox 428 2346 465 2379; x_wconf 91' lang='lat' dir='ltr'>in</span> <span class='ocrx_word' id='word_1_284' title='bbox 487 2339 643 2390; x_wconf 82' lang='lat' dir='ltr'>argento.</span> <span class='ocrx_word' id='word_1_285' title='bbox 689 2347 743 2378; x_wconf 87' lang='lat' dir='ltr'>Ita</span> <span class='ocrx_word' id='word_1_286' title='bbox 758 2345 854 2390; x_wconf 91' lang='lat' dir='ltr'>quod</span> <span class='ocrx_word' id='word_1_287' title='bbox 869 2344 946 2387; x_wconf 89' lang='lat' dir='ltr'>ipso</span> 
     </span>
    </p>

    <p class='ocr_par' dir='ltr' id='par_1_30' title="bbox 19 2396 1052 2552">
     <span class='ocr_line' id='line_1_40' title="bbox 19 2396 946 2445; baseline -0.01 -7"><span class='ocrx_word' id='word_1_288' title='bbox 19 2441 21 2445; x_wconf 66' lang='lat'>,</span> <span class='ocrx_word' id='word_1_289' title='bbox 101 2403 118 2421; x_wconf 76' lang='lat'>⁸</span> <span class='ocrx_word' id='word_1_290' title='bbox 132 2402 288 2437; x_wconf 81' lang='lat' dir='ltr'>ter&#39;mino</span> <span class='ocrx_word' id='word_1_291' title='bbox 322 2406 423 2434; x_wconf 88' lang='lat' dir='ltr'>erunt</span> <span class='ocrx_word' id='word_1_292' title='bbox 453 2410 483 2433; x_wconf 88' lang='lat' dir='ltr'>c.</span> <span class='ocrx_word' id='word_1_293' title='bbox 515 2399 611 2432; x_wconf 86' lang='lat' dir='ltr'>milia</span> <span class='ocrx_word' id='word_1_294' title='bbox 641 2399 745 2432; x_wconf 91' lang='lat' dir='ltr'>uncie</span> <span class='ocrx_word' id='word_1_295' title='bbox 779 2398 855 2431; x_wconf 86' lang='lat' dir='ltr'>auri</span> <span class='ocrx_word' id='word_1_296' title='bbox 889 2396 946 2429; x_wconf 89' lang='lat' dir='ltr'>uel</span> 
     </span>
     <span class='ocr_line' id='line_1_41' title="bbox 20 2453 1052 2500; baseline -0.003 -12"><span class='ocrx_word' id='word_1_297' title='bbox 20 2458 121 2494; x_wconf 68' lang='lat' dir='ltr'>‚mr“</span> <span class='ocrx_word' id='word_1_298' title='bbox 133 2454 370 2500; x_wconf 86' lang='lat' dir='ltr'>equiualentia</span> <span class='ocrx_word' id='word_1_299' title='bbox 393 2453 610 2486; x_wconf 90' lang='lat' dir='ltr'>earumdem:</span> <span class='ocrx_word' id='word_1_300' title='bbox 636 2459 671 2485; x_wconf 90' lang='lat' dir='ltr'>et</span> <span class='ocrx_word' id='word_1_301' title='bbox 685 2458 803 2495; x_wconf 86' lang='lat' dir='ltr'>partes</span> <span class='ocrx_word' id='word_1_302' title='bbox 817 2461 946 2483; x_wconf 87' lang='lat' dir='ltr'>merno-</span> <span class='ocrx_word' id='word_1_303' title='bbox 1011 2453 1052 2485; x_wconf 83' lang='lat'>40</span> 
     </span>
     <span class='ocr_line' id='line_1_42' title="bbox 106 2505 946 2552; baseline -0.007 -10"><span class='ocrx_word' id='word_1_304' title='bbox 106 2511 122 2528; x_wconf 81' lang='lat'>“</span> <span class='ocrx_word' id='word_1_305' title='bbox 133 2515 208 2542; x_wconf 85' lang='lat' dir='ltr'>rate</span> <span class='ocrx_word' id='word_1_306' title='bbox 222 2507 372 2552; x_wconf 89' lang='lat' dir='ltr'>pecunie</span> <span class='ocrx_word' id='word_1_307' title='bbox 395 2506 571 2550; x_wconf 85' lang='lat' dir='ltr'>persolute</span> <span class='ocrx_word' id='word_1_308' title='bbox 587 2515 651 2548; x_wconf 90' lang='lat' dir='ltr'>per</span> <span class='ocrx_word' id='word_1_309' title='bbox 665 2505 833 2538; x_wconf 83' lang='lat' dir='ltr'>terminos</span> <span class='ocrx_word' id='word_1_310' title='bbox 848 2509 946 2537; x_wconf 86' lang='lat' dir='ltr'>ante-</span> 
     </span>
    </p>

    <p class='ocr_par' dir='ltr' id='par_1_31' title="bbox 107 2556 947 2604">
     <span class='ocr_line' id='line_1_43' title="bbox 107 2556 947 2604; baseline -0.01 -8"><span class='ocrx_word' id='word_1_311' title='bbox 107 2563 122 2580; x_wconf 84' lang='lat'>“</span> <span class='ocrx_word' id='word_1_312' title='bbox 135 2562 249 2596; x_wconf 85' lang='lat' dir='ltr'>dictos</span> <span class='ocrx_word' id='word_1_313' title='bbox 270 2566 412 2604; x_wconf 86' lang='lat' dir='ltr'>portare</span> <span class='ocrx_word' id='word_1_314' title='bbox 442 2558 572 2592; x_wconf 88' lang='lat' dir='ltr'>debent</span> <span class='ocrx_word' id='word_1_315' title='bbox 603 2558 748 2602; x_wconf 77' lang='lat' dir='ltr'>singulis</span> <span class='ocrx_word' id='word_1_316' title='bbox 777 2556 947 2601; x_wconf 84' lang='lat' dir='ltr'>passagiis</span> 
     </span>
    </p>

    <p class='ocr_par' dir='ltr' id='par_1_32' title="bbox 106 2611 990 2655">
     <span class='ocr_line' id='line_1_44' title="bbox 106 2611 990 2655; baseline -0.007 -6"><span class='ocrx_word' id='word_1_317' title='bbox 106 2617 121 2634; x_wconf 80' lang='lat'>‘⁴</span> <span class='ocrx_word' id='word_1_318' title='bbox 136 2616 335 2648; x_wconf 84' lang='lat' dir='ltr'>ultramare.</span> <span class='ocrx_word' id='word_1_319' title='bbox 382 2612 536 2651; x_wconf 87' lang='lat' dir='ltr'>Quando</span> <span class='ocrx_word' id='word_1_320' title='bbox 560 2618 676 2645; x_wconf 80' lang='lat' dir='ltr'>autem</span> <span class='ocrx_word' id='word_1_321' title='bbox 698 2612 810 2655; x_wconf 87' lang='lat' dir='ltr'>ipsum</span> <span class='ocrx_word' id='word_1_322' title='bbox 835 2611 947 2653; x_wconf 90' lang='lat' dir='ltr'>Impe-</span> <span class='ocrx_word' id='word_1_323' title='bbox 987 2620 990 2626; x_wconf 79' lang='grc'><em>“</em></span> 
     </span>
    </p>

    <p class='ocr_par' dir='ltr' id='par_1_33' title="bbox 107 2664 948 2708">
     <span class='ocr_line' id='line_1_45' title="bbox 107 2664 948 2708; baseline -0.008 -5"><span class='ocrx_word' id='word_1_324' title='bbox 107 2671 123 2688; x_wconf 80' lang='grc'>“</span> <span class='ocrx_word' id='word_1_325' title='bbox 137 2675 289 2703; x_wconf 87' lang='lat' dir='ltr'>ratorem</span> <span class='ocrx_word' id='word_1_326' title='bbox 311 2669 347 2701; x_wconf 92' lang='lat' dir='ltr'>in</span> <span class='ocrx_word' id='word_1_327' title='bbox 370 2668 439 2700; x_wconf 88' lang='lat' dir='ltr'>fine</span> <span class='ocrx_word' id='word_1_328' title='bbox 455 2666 587 2700; x_wconf 88' lang='lat' dir='ltr'>biennii</span> <span class='ocrx_word' id='word_1_329' title='bbox 610 2665 656 2698; x_wconf 88' lang='lat' dir='ltr'>ad</span> <span class='ocrx_word' id='word_1_330' title='bbox 682 2664 878 2708; x_wconf 86' lang='lat' dir='ltr'>passagium</span> <span class='ocrx_word' id='word_1_331' title='bbox 894 2674 948 2696; x_wconf 88' lang='lat' dir='ltr'>as-</span> 
     </span>
    </p>

    <p class='ocr_par' dir='ltr' id='par_1_34' title="bbox 108 2718 1052 2814">
     <span class='ocr_line' id='line_1_46' title="bbox 108 2718 1052 2767; baseline -0.006 -11"><span class='ocrx_word' id='word_1_332' title='bbox 108 2724 123 2741; x_wconf 84' lang='lat'>“</span> <span class='ocrx_word' id='word_1_333' title='bbox 135 2723 308 2767; x_wconf 82' lang='lat' dir='ltr'>signatum</span> <span class='ocrx_word' id='word_1_334' title='bbox 345 2721 572 2755; x_wconf 78' lang='lat' dir='ltr'>transfretare</span> <span class='ocrx_word' id='word_1_335' title='bbox 612 2719 833 2762; x_wconf 87' lang='lat' dir='ltr'>contingerit,</span> <span class='ocrx_word' id='word_1_336' title='bbox 870 2719 950 2751; x_wconf 89' lang='lat' dir='ltr'>red·</span> <span class='ocrx_word' id='word_1_337' title='bbox 1013 2718 1052 2751; x_wconf 80' lang='lat'>45</span> 
     </span>
     <span class='ocr_line' id='line_1_47' title="bbox 108 2771 951 2814; baseline -0.008 -5"><span class='ocrx_word' id='word_1_338' title='bbox 108 2777 263 2809; x_wconf 83' lang='lat' dir='ltr'>“dentur</span> <span class='ocrx_word' id='word_1_339' title='bbox 286 2776 318 2808; x_wconf 93' lang='lat' dir='ltr'>ei</span> <span class='ocrx_word' id='word_1_340' title='bbox 340 2775 437 2808; x_wconf 86' lang='lat' dir='ltr'>dicta</span> <span class='ocrx_word' id='word_1_341' title='bbox 461 2784 492 2808; x_wconf 90' lang='lat' dir='ltr'>c.</span> <span class='ocrx_word' id='word_1_342' title='bbox 515 2774 609 2806; x_wconf 86' lang='lat' dir='ltr'>milia</span> <span class='ocrx_word' id='word_1_343' title='bbox 639 2772 761 2805; x_wconf 85' lang='lat' dir='ltr'>uncias</span> <span class='ocrx_word' id='word_1_344' title='bbox 784 2771 859 2804; x_wconf 89' lang='lat' dir='ltr'>auri</span> <span class='ocrx_word' id='word_1_345' title='bbox 885 2781 951 2814; x_wconf 89' lang='lat' dir='ltr'>per</span> 
     </span>
    </p>

    <p class='ocr_par' dir='ltr' id='par_1_35' title="bbox 106 2825 949 2868">
     <span class='ocr_line' id='line_1_48' title="bbox 106 2825 949 2868; baseline -0.008 -5"><span class='ocrx_word' id='word_1_346' title='bbox 106 2830 121 2846; x_wconf 68' lang='lat'>⁶</span> <span class='ocrx_word' id='word_1_347' title='bbox 137 2840 214 2863; x_wconf 90' lang='lat' dir='ltr'>eum</span> <span class='ocrx_word' id='word_1_348' title='bbox 225 2830 260 2862; x_wconf 88' lang='lat' dir='ltr'>in</span> <span class='ocrx_word' id='word_1_349' title='bbox 277 2830 344 2862; x_wconf 91' lang='lat' dir='ltr'>Dei</span> <span class='ocrx_word' id='word_1_350' title='bbox 356 2835 391 2862; x_wconf 89' lang='lat' dir='ltr'>et</span> <span class='ocrx_word' id='word_1_351' title='bbox 402 2829 515 2862; x_wconf 92' lang='lat' dir='ltr'>Terre</span> <span class='ocrx_word' id='word_1_352' title='bbox 528 2833 647 2861; x_wconf 86' lang='lat' dir='ltr'>sancte</span> <span class='ocrx_word' id='word_1_353' title='bbox 660 2825 804 2859; x_wconf 87' lang='lat' dir='ltr'>seruitio</span> <span class='ocrx_word' id='word_1_354' title='bbox 820 2835 949 2868; x_wconf 90' lang='lat' dir='ltr'>expen-</span> 
     </span>
    </p>
   </div>
   <div class='ocr_carea' id='block_1_3' title="bbox 0 0 61 3444">
    <p class='ocr_par' dir='ltr' id='par_1_36' title="bbox 0 0 61 3444">
     <span class='ocr_line' id='line_1_49' title="bbox 0 0 61 3444; baseline 0 0"><span class='ocrx_word' id='word_1_355' title='bbox 0 0 61 3444; x_wconf 95' lang='lat' dir='ltr'> </span> 
     </span>
    </p>
   </div>
   <div class='ocr_carea' id='block_1_4' title="bbox 105 2915 316 2921">
    <p class='ocr_par' dir='ltr' id='par_1_37' title="bbox 105 2915 316 2921">
     <span class='ocr_line' id='line_1_50' title="bbox 105 2915 316 2921; baseline 0 0"><span class='ocrx_word' id='word_1_356' title='bbox 105 2915 316 2921; x_wconf 95' lang='lat' dir='ltr'> </span> 
     </span>
    </p>
   </div>
   <div class='ocr_carea' id='block_1_5' title="bbox 106 2958 950 3043">
    <p class='ocr_par' dir='ltr' id='par_1_38' title="bbox 106 2958 950 3043">
     <span class='ocr_line' id='line_1_51' title="bbox 193 2958 950 2999; baseline -0.011 -8"><span class='ocrx_word' id='word_1_357' title='bbox 193 2971 218 2999; x_wconf 84' lang='lat'>7.</span> <span class='ocrx_word' id='word_1_358' title='bbox 238 2966 292 2990; x_wconf 82' lang='lat' dir='ltr'>sibl</span> <span class='ocrx_word' id='word_1_359' title='bbox 314 2973 362 2990; x_wconf 76' lang='lat' dir='ltr'>non</span> <span class='ocrx_word' id='word_1_360' title='bbox 381 2965 421 2990; x_wconf 80' lang='lat' dir='ltr'>ibi</span> <span class='ocrx_word' id='word_1_361' title='bbox 445 2965 508 2989; x_wconf 86' lang='lat' dir='ltr'>Cod.</span> <span class='ocrx_word' id='word_1_362' title='bbox 528 2977 561 2981; x_wconf 91' lang='lat'>--</span> <span class='ocrx_word' id='word_1_363' title='bbox 581 2969 624 2996; x_wconf 85' lang='lat'>32.</span> <span class='ocrx_word' id='word_1_364' title='bbox 644 2962 820 2994; x_wconf 84' lang='lat' dir='ltr'>expressium</span> <span class='ocrx_word' id='word_1_365' title='bbox 843 2958 950 2984; x_wconf 70' lang='lat' dir='ltr'>Coa.—</span> 
     </span>
     <span class='ocr_line' id='line_1_52' title="bbox 106 3007 557 3043; baseline -0.007 -7"><span class='ocrx_word' id='word_1_366' title='bbox 106 3015 148 3043; x_wconf 77' lang='lat'>37,</span> <span class='ocrx_word' id='word_1_367' title='bbox 167 3017 210 3043; x_wconf 80' lang='lat'>39,</span> <span class='ocrx_word' id='word_1_368' title='bbox 229 3009 272 3042; x_wconf 89' lang='lat'>46.</span> <span class='ocrx_word' id='word_1_369' title='bbox 292 3009 441 3034; x_wconf 78' lang='lat' dir='ltr'>unciarum</span> <span class='ocrx_word' id='word_1_370' title='bbox 461 3007 557 3033; x_wconf 54' lang='lat' dir='ltr'>Gsuu.</span> 
     </span>
    </p>
   </div>
  </div>
 </body>
</html>
