2320 3444
368 239 414 272 44
823 234 1098 270 RYCCARDI
1126 234 1197 268 DE
1225 233 1435 269 SANCTO
1451 232 1737 285 ,GERMANO
2033 236 2206 273 [A.1212]·

365 369 380 385 ‘⁴
394 378 463 400 non
485 367 655 400 modicam
678 375 740 408 pro
757 365 884 398 uitibus
899 365 997 407 spine
1014 365 1201 403 creuerint,

368 422 442 460 “et,
473 421 567 464 quod
593 425 773 464 gementes
805 418 998 456 referimus,
1029 418 1104 460 ipse
1133 419 1202 450 iam

369 476 383 492 “
395 474 482 506 uites
504 474 684 516 proferunt
699 482 762 514 pro
778 483 846 504 uua
861 471 1054 504 labruscam
1069 471 1201 503 infecte

369 526 630 569 “multipliciter
671 531 706 558 et
747 530 922 567 corrupte.
980 523 1077 556 Illius
1117 534 1201 568 ergo

370 579 625 612 “testimonium
650 579 861 615 inuocamus,
885 577 943 619 qui
963 577 1060 610 testis
1084 583 1136 610 est
1167 578 1201 609 in
1287 576 1305 610 5

369 632 473 665 “celo
498 631 619 671 fidelis,
643 631 737 675 quod
759 632 849 663 inter
879 630 993 662 omnia
1025 630 1202 663 desidera-

366 686 380 702 “
395 685 476 718 bilia
499 685 618 716 mundi
634 684 735 716 huius
751 683 819 716 duo
835 683 872 715 in
888 684 955 715 hoc
972 683 1090 715 seculo
1106 684 1200 725 prin-

367 740 381 756 “
394 738 553 780 cipaliter
567 737 778 776 affectamus,
795 742 831 768 ut
843 737 889 770 ad
901 736 1201 778 recuperationem

367 790 559 823 “uidelicet
581 796 674 823 terre
697 796 816 822 sancte
840 790 886 822 ad
916 789 1202 824 reformationem

364 845 379 861 ¹⁶
394 843 599 876 uniuersalis
633 843 782 876 ecclesie
813 843 991 875 ualeamus
1020 843 1202 876 intendere
1268 847 1306 880 10

364 898 379 914 “
389 908 465 930 cum
479 897 619 929 effectu.
644 896 801 935 Quorum
813 902 994 940 utrumque
1008 901 1135 929 tantam
1148 907 1202 929 re-

365 953 380 969 “
394 951 497 994 quirit
511 950 721 993 prouisionis
736 950 942 990 instantiam,
959 955 997 982 ut
1011 950 1086 982 sine
1101 949 1201 993 graui

366 1005 381 1022 “
394 1010 428 1036 et
449 1003 574 1047 grandi
595 1003 751 1046 periculo
782 1003 989 1036 dissimulari
1018 1003 1108 1036 ultra
1131 1013 1201 1036 non

366 1057 506 1089 “ualeat
539 1057 595 1089 uel
618 1057 747 1089 differi.
793 1057 898 1089 Unde
928 1056 1202 1099 supplicationes

365 1111 380 1127 ‘⁴
395 1116 429 1142 et
452 1110 611 1142 lacrimas
633 1110 834 1153 frequentes
858 1110 1068 1143 effundimus
1085 1119 1201 1142 coram
1268 1113 1305 1147 15

365 1165 380 1181 ‘⁸
392 1164 480 1203 Deo,
502 1163 675 1195 humiliter
698 1163 920 1196 obsecrantes
936 1163 1083 1206 qualiter
1098 1173 1202 1205 super

365 1217 459 1249 “hiis
480 1227 577 1249 suum
599 1217 699 1249 nobis
721 1216 976 1259 beneplacitum
1007 1217 1201 1260 inspiraret,

365 1271 380 1288 ‘⁴
392 1270 562 1312 aspiraret
578 1270 750 1309 affectum,
769 1270 977 1303 accenderet
993 1269 1201 1303 desiderium

364 1325 428 1356 “et
450 1323 664 1366 propositum
689 1324 917 1362 confirmaret,
940 1324 1142 1356 facultatem
1167 1329 1202 1357 et

363 1378 378 1394 “
393 1377 659 1420 oportunitatem
673 1377 860 1419 prestando
884 1378 928 1410 ad
951 1388 992 1409 ea
1014 1376 1202 1410 salubriter
1263 1384 1306 1416 20

365 1431 381 1448 ¹‘
393 1430 609 1473 exequenda.
667 1428 902 1472 Quapropter,
941 1430 1058 1463 habito
1096 1441 1202 1473 super

363 1483 378 1500 ‘⁴
395 1483 463 1516 hoe
487 1483 630 1516 consilio
654 1493 732 1515 cum
754 1483 919 1516 fratribus
935 1484 1060 1516 nostris
1074 1490 1109 1516 et
1123 1484 1201 1516 aliis

365 1536 475 1569 “uiris
501 1536 726 1579 prudentibus
756 1537 931 1580 frequenti
961 1548 1004 1571 ac
1037 1538 1200 1582 diligenti

365 1592 379 1608 “
391 1589 575 1633 trac[ta]tu‚
598 1596 700 1632 prout
715 1591 800 1623 tanti
815 1591 1016 1624 sollicitudo
1032 1591 1202 1634 propositi

365 1643 562 1686 “exigebat‚
600 1644 665 1676 hoc
700 1644 840 1676 tandem
875 1644 920 1677 ad
957 1644 1199 1688 exequendum
1264 1651 1305 1684 25

363 1696 377 1712 '‘
388 1696 545 1738 predicta
557 1696 769 1739 prouidimus
781 1697 980 1730 faciendum
990 1697 1034 1730 de
1047 1697 1200 1740 ipsorum

363 1750 377 1766 “
393 1750 550 1787 consilio,
573 1755 611 1782 ut
640 1750 720 1793 quia
750 1751 817 1784 hec
847 1752 1085 1784 uniuersorum
1115 1752 1200 1784 fide-

364 1803 473 1835 “lium
497 1813 712 1836 communem
735 1810 860 1837 statum
875 1805 1078 1848 respiciunt,
1093 1815 1200 1850 gene-

362 1856 377 1872 “
391 1856 463 1888 rale
490 1856 677 1889 concilium
706 1857 800 1890 iuxta
823 1858 972 1900 priscam
1003 1864 1201 1892 sanctorum

364 1912 378 1928 ‘⁴
391 1916 526 1952 patrum
543 1912 828 1945 consuetudinem
845 1922 1079 1946 conuocemus
1095 1923 1200 1956 prop·
1265 1921 1306 1953 30

364 1965 444 1996 “ter
466 1963 563 1997 lucra
585 1965 800 1998 solummodo
818 1965 1008 1998 animarum
1026 1973 1199 2009 oportuno

364 2019 546 2060 “tempore
570 2017 834 2057 celebrandum;
859 2019 893 2050 in
926 2030 994 2062 quo
1025 2020 1070 2052 ad
1102 2021 1201 2052 estir-

361 2070 502 2112 “panda
524 2070 608 2104 uitia
631 2077 667 2104 et
689 2072 894 2114 plantandas
916 2073 1074 2114 uirtutes,
1090 2074 1200 2106 corri-

364 2125 378 2141 “
395 2124 527 2165 gendos
549 2134 710 2157 excessus
733 2130 768 2157 et
796 2126 1036 2159 reformandos
1066 2126 1200 2165 mores‚'

178 2196 198 2211 ι.
212 2196 273 2211 112„
365 2178 379 2194 ‘⁴
393 2176 619 2210 eliminandas
635 2178 775 2211 hereses
791 2185 826 2211 et
841 2178 1074 2212 roborandam
1085 2179 1200 2219 fidem,
1265 2187 1305 2220 35

365 2229 576 2271 “sopiendas
599 2230 791 2264 discordias
813 2238 848 2265 et
870 2232 1110 2266 stabiliendam
1141 2245 1199 2276 pa-

363 2282 377 2298 ¹‘
393 2293 478 2320 cem,
496 2283 774 2326 comprimendas
790 2286 1033 2327 oppressiones
1049 2292 1085 2318 et
1098 2286 1200 2319 liber-

365 2337 496 2368 “tatem
529 2337 728 2376 fouendam,
766 2338 985 2372 inducendos
1022 2341 1202 2384 principes

365 2389 597 2422 “christianos
620 2396 654 2423 et
684 2392 831 2434 populos
862 2392 907 2424 ad
936 2403 1136 2426 succursum
1167 2400 1201 2427 et
2255 2425 2271 2428 -

365 2444 378 2459 ‘⁶
391 2442 580 2475 subsidium
603 2449 693 2476 terre
718 2451 836 2478 sancte
850 2451 918 2478 tam
936 2457 955 2478 a
969 2446 1082 2490 laycis
1097 2458 1199 2491 quam
1264 2454 1306 2486 40
2242 2455 2266 2484 ‘11

365 2497 379 2513 ‘⁴
392 2506 412 2527 a
435 2496 573 2528 clericis
594 2497 877 2539 impendendum,
894 2509 972 2532 cum
989 2500 1117 2533 ceteris
1133 2512 1200 2545 que
2258 2495 2265 2508 ἑ

364 2549 530 2593 “longum
556 2556 646 2583 esset
667 2562 731 2593 per
753 2552 888 2595 singula
911 2564 1102 2593 numerare,
1119 2565 1199 2597 pro-

361 2603 375 2618 “
391 2602 471 2635 uide
495 2608 684 2636 statuantur
700 2604 948 2639 inuiolabiliter
971 2606 1199 2641 obseruanda.

447 2751 470 2770 1.
495 2746 643 2770 creverunt
670 2746 747 2775 Cod.;
772 2748 966 2772 succreverint
989 2747 1091 2773 Mnesr
1116 2762 1149 2767 —
1174 2756 1200 2782 3.

358 2786 508 2818 proferunt
529 2788 591 2812 Cod.
611 2801 643 2804 —
664 2793 689 2819 7.
708 2788 804 2813 cordis
824 2789 916 2814 nostrl
936 2790 1027 2814 invece
1052 2791 1083 2815 di
1100 2791 1200 2816 mundl

358 2827 441 2852 huius
461 2829 559 2854 MAnsx
581 2843 614 2847 —-
636 2836 723 2862 13-14.
743 2830 919 2855 dissimulari
941 2834 1060 2863 nequeat
1079 2832 1125 2857 vel
1144 2833 1199 2858 dis-

361 2870 427 2894 serri
447 2870 544 2895 Mans!
567 2886 595 2890 —
621 2879 658 2903 14.
678 2872 789 2898 defferri
804 2874 869 2898 Cod.
884 2886 915 2891 -
932 2879 971 2904 17.
991 2874 1199 2906 beneplacitum

360 2912 497 2936 revelaret
516 2913 614 2938 ΜΛΝςι
632 2926 664 2932 -
684 2921 726 2947 24·
746 2915 868 2940 solliciti
889 2917 952 2940 Cod.
966 2930 997 2933 —
1013 2923 1054 2949 27.
1067 2917 1119 2941 hoc
1137 2918 1199 2943 Cod.
1272 2926 1286 2953 5

361 2965 394 2971 —-
419 2960 461 2985 ²9·
486 2955 640 2979 consilium
659 2964 672 2980 e
692 2957 744 2981 cos}
764 2957 791 2981 in
809 2958 915 2990 seguito
943 2959 1005 2983 Cod.
1030 2972 1062 2977 —
1087 2958 1130 2991 36.
1155 2962 1200 2984 sta

361 2998 466 3025 espunta
488 2997 549 3020 Cod.
569 3010 601 3015 —-
621 2998 709 3030 37-38.
729 2998 890 3023 ubertatem
911 2999 975 3025 Cod.
