2320 3444
141 239 215 264 Mum,
230 244 262 260 cc.
273 239 347 264 981-82

142 357 224 382 Captae
237 358 318 378 ludere
331 360 354 379 e!

167 384 353 410 Constantinopo-

165 410 195 431 lis
203 417 218 431 a
231 412 322 432 Uenetis
328 413 350 432 et

166 438 272 460 Francis.

137 677 231 699 obsidio
248 678 352 698 Terraci-

165 711 193 725 κε
207 705 233 725 de
247 705 352 726 Salerno.

135 731 254 763 ιίύςναιίο
267 732 347 752 Terra-

162 764 220 779 cine.

200 797 271 816 c.9r

139 998 158 1019 C
162 998 225 1021 aptio
259 998 346 1018 eomi'ln's

163 1025 284 1047 Guaumi.

136 1692 216 1740 Giano
242 1692 342 1718 Dyopul-

376 229 423 264 24
818 225 1107 261 RYCCARDI
1134 225 1207 259 DE
1236 223 1456 260 SANCTO
1487 222 1764 259 GERMANO
1905 227 1989 264 [ΑΛ.
2009 229 2205 266 izos-non

461 360 513 392 Eo
536 369 625 392 anno
648 357 774 391 Franci
790 357 916 399 [fedus]
932 366 1010 388 cum
1033 355 1178 388 Uenetis
1196 361 1446 398 componentes
1460 360 1494 387 et
1509 354 1689 396 [aduersus
1704 354 1863 387 Iaderam
1879 354 2093 398 nauigantes,
2115 355 2204 389 ciui-

372 413 487 455 tatem]
511 413 631 445 Iadere
655 411 736 453 ipsis
759 411 924 443 rebellem
948 408 1073 441 Ueneti
1096 409 1131 440 ui
1162 414 1342 451 ceperunt,
1365 415 1401 441 et
1423 408 1523 441 bonis
1545 407 1695 450 propriis
1717 407 1931 450 spoliarunt3
1954 407 2204 442 nobilissimam

371 465 781 507 Constantinopolitanam
804 463 922 495 urbem
952 462 1200 506 aggredientes
1228 461 1374 494 uiriliter
1398 467 1433 494 et
1457 466 1627 504 potenter,
1657 460 1747 494 sicut
1769 460 1919 494 Domino
1950 461 2091 504 placuit,
2113 461 2204 505 opti-

370 524 528 558 nuerunt,
552 524 586 551 et
607 517 768 560 potestati
791 516 950 549 Romane
973 514 1133 554 ecclesie,
1157 515 1213 547 cui
1236 521 1339 548 antea
1360 525 1431 547 non
1453 514 1663 553 intenderat,
1685 514 1911 548 subiecerunt
1932 514 2027 548 illam
2039 514 2061 548 ¹.

457 625 641 658 Millesimo
665 623 815 658 CC01V0.
862 622 987 655 Comes
1004 621 1199 654 Gualterius
1215 633 1294 654 cum
1311 622 1438 655 comite
1462 620 1590 654 Iacobo
1613 621 1876 655 Tricaficensi’
1898 627 1934 655 et
1957 623 2085 656 comite
2107 621 2206 668 Rog-
2249 623 2270 657 5
2294 639 2295 643 ¹

373 679 470 723 gerio
494 680 537 711 de
561 678 695 710 Theate
719 677 965 709 confederatus
978 674 999 708 ³.
1047 675 1125 717 Ipse
1147 680 1231 708 tunc
1254 676 1420 717 temporis
1443 675 1671 708 Terracinam
1702 681 1853 718 occupat
1883 675 1928 708 de
1957 675 2116 715 salerno,
2144 675 2205 710 ubi

370 732 412 764 ab
435 732 509 774 ipso
533 730 718 775 Dyopuldo
742 735 776 762 et
804 734 908 772 gente
939 739 1000 760 sua
1031 734 1066 761 et
1088 727 1224 760 ciuibus
1248 728 1392 766 Salerni,
1418 728 1479 770 qui
1503 727 1646 761 tenebat
1669 727 1782 762 eidem
1806 734 1903 762 arcte
1932 729 2015 762 satis
2044 729 2204 764 obsessus

373 791 434 824 est,
460 790 493 817 et
515 784 639 827 sagitte
661 784 733 816 ictu
756 783 865 815 altero
889 782 1067 815 oculorum
1090 782 1258 824 priuatus,
1281 787 1315 814 et
1337 781 1478 814 tandem
1501 781 1655 824 ipsorum
1686 781 1851 815 comitum
1875 781 2012 815 auxi'lio
2038 782 2205 816 liberatus

369 844 430 877 est,
452 838 526 881 ipso
549 837 735 882 Dyopuldo
758 841 793 868 et
816 836 885 868 suis
909 836 952 868 de
976 834 1122 868 Salerno
1138 834 1221 867 satis
1243 835 1473 878 ignominiose
1496 834 1638 879 fugatis.

456 944 645 978 M⁰CC⁰V⁰.
682 943 803 976 Dictus
826 952 942 976 comes
965 942 1164 975 Gualterius
1187 951 1265 973 cum
1288 941 1400 984 ipsum
1423 941 1646 985 Dyopuldum
1670 943 1756 976 dure
1772 943 1855 975 satis
1870 948 1906 976 et
1922 943 1998 977 dire
2013 953 2204 988 perseque-
2230 945 2269 978 10

368 1004 474 1036 retur,
489 997 600 1040 ipsum
622 1003 746 1030 tenens
768 996 803 1028 in
825 995 936 1029 Samo
961 996 1146 1032 obsessum,
1171 995 1252 1027 dum
1276 994 1342 1027 sibi
1364 994 1454 1028 male
1477 994 1522 1027 ab
1545 995 1642 1028 hoste
1666 1002 1817 1035 caueret,
1841 997 1918 1039 ipso
1950 997 2137 1041 Dyopuldo
2168 997 2204 1031 in

369 1062 446 1085 eum
469 1062 547 1084 cum
570 1051 637 1083 suis
661 1050 813 1083 diluculo
843 1050 1006 1088 irruente,
1028 1057 1150 1091 captus
1172 1047 1216 1080 ab
1240 1059 1282 1081 eo
1305 1054 1359 1082 est
1382 1054 1418 1081 et
1440 1049 1597 1082 custodie
1628 1049 1776 1083 traditus
1806 1050 1989 1089 carcerali,
2011 1049 2071 1084 ubi
2092 1050 2205 1084 modi·

369 1115 445 1138 cum
467 1110 546 1147 post
569 1105 661 1137 diem
685 1104 807 1136 clausit
830 1109 1016 1135 extremum
1029 1102 1052 1135 ⁴.
1097 1102 1199 1134 Tunc
1223 1102 1314 1134 enim
1337 1108 1546 1134 memoratus
1568 1102 1692 1135 Celani
1714 1113 1842 1143 comes,
1866 1104 1926 1147 qui
1948 1103 2124 1137 ciuitatem
2149 1103 2203 1137 in·

367 1164 519 1191 trauerat
540 1157 693 1200 Aliphie‚
718 1163 754 1190 et
769 1162 918 1189 castrum
942 1155 1095 1189 ciuitatis
1116 1155 1262 1188 uiriliter
1277 1155 1514 1199 impugnabat,
1531 1155 1627 1199 quod
1641 1166 1679 1188 se
1693 1158 1740 1190 ad
1757 1167 1845 1200 opus
1859 1156 2038 1201 Dyopuldi
2050 1157 2205 1198 tenebat,
2290 1198 2292 1200 v

367 1212 485 1244 audito
509 1211 553 1244 de
577 1211 737 1253 captione
761 1210 899 1243 comitis
923 1209 1103 1247 Gualterii,
1128 1209 1307 1242 combusta
1324 1209 1464 1242 ciuitate
1488 1209 1629 1252 Aliphie
1652 1209 1822 1243 discessit.
1867 1210 1993 1243 Dictus
2007 1220 2092 1244 uero
2108 1210 2202 1256 Dyo-
2227 1210 2267 1247 15
2289 1226 2292 1228 v

366 1264 493 1307 puldus
514 1263 696 1296 Salernum
720 1275 798 1297 cum
822 1263 969 1296 uictoria
990 1263 1140 1302 rediens,
1163 1263 1245 1306 quia
1260 1263 1383 1295 turrim
1405 1264 1570 1296 maiorem
1586 1263 1660 1306 ipse
1676 1264 1830 1303 tenebat,
1853 1264 1980 1298 multos
1994 1263 2039 1298 de
2055 1264 2204 1299 Salerno

366 1318 475 1360 cepit,
497 1323 532 1350 et
553 1324 591 1350 ut
613 1316 808 1360 proditores
830 1317 965 1360 puniuit
987 1323 1025 1349 ut
1048 1316 1169 1349 uoluit.

455 1425 639 1458 Millesimo
662 1423 814 1457 CC⁰VI⁰.
851 1424 1073 1456 Innocentius
1088 1434 1180 1466 papa
1203 1423 1352 1457 Romam
1369 1430 1473 1458 uocat
1495 1424 1720 1469 Dyopuldum
1736 1426 1782 1459 ad
1797 1435 1845 1464 se,
1861 1426 2042 1470 ipsumque
2066 1432 2102 1460 et
2122 1435 2204 1460 suos

367 1489 388 1511 a
409 1478 548 1511 uinculo
571 1477 939 1511 excommunicationis
960 1477 1120 1517 absoluit,
1143 1483 1178 1510 et
1200 1483 1284 1511 tunc
1307 1489 1386 1511 curn
1409 1478 1516 1521 ipsius
1539 1478 1682 1512 licentia
1704 1477 1886 1512 Salernum
1909 1489 2072 1514 reuersus
2093 1485 2147 1514 est
2157 1478 2181 1514 ⁸.

454 1585 675 1619 M⁰CC⁰V11⁰.
720 1585 788 1617 Hic
810 1590 931 1628 parato
956 1585 1092 1618 Salerni
1114 1585 1265 1629 nauigio,
1281 1586 1318 1618 in
1331 1585 1489 1619 Siciliam
1507 1587 1717 1625 transfretat,
1733 1586 1944 1620 Panormum
1958 1587 2066 1627 uadit,
2082 1593 2119 1622 et
2131 1593 2202 1621 tam
2225 1589 2270 1623 20

367 1639 530 1682 palatium
554 1650 655 1682 quam
678 1648 796 1683 regem
819 1639 944 1680 recipit
966 1638 1192 1672 Fredericum
1216 1640 1261 1672 ad
1284 1650 1406 1672 manus
1428 1639 1531 1672 suas‘
1553 1646 1607 1673 set
1632 1646 1785 1674 arctatus
1808 1647 1845 1674 et
1867 1641 2028 1675 obsessus
2057 1642 2094 1674 in
2123 1641 2202 1685 ipso

365 1693 494 1736 palatio
517 1704 537 1725 a
561 1692 738 1726 Gualterio
762 1692 806 1725 de
831 1692 989 1724 Palearia
1012 1693 1235 1731 cancellario,
1258 1698 1381 1735 captus
1404 1693 1448 1726 ab
1473 1703 1514 1726 eo
1538 1696 1613 1726 est⁷
1636 1699 1671 1727 et
1694 1695 1835 1727 tandem
1857 1701 2030 1729 nocturno
2045 1701 2205 1740 tempore

366 1747 449 1790 fuge
465 1746 617 1789 presidio
639 1745 813 1784 liberatus,
836 1746 1047 1789 ueniensque
1069 1756 1131 1789 per
1153 1757 1247 1779 mare
1271 1747 1464 1786 Salernum,
1481 1747 1608 1781 exinde
1624 1748 1659 1780 in
1675 1747 1821 1780 Terram
1837 1747 1986 1782 Laboris
1999 1759 2036 1782 se
2051 1749 2202 1784 confert.

457 1866 479 1883 1.
501 1859 564 1884 Cod.
575 1859 741 1891 sortemente
760 1859 945 1884 incleiostrato:
965 1867 1016 1890 qua
1035 1867 1049 1883 e
1067 1858 1095 1884 ἰὰ
1113 1859 1139 1883 si
1155 1860 1240 1891 legge
1252 1860 1362 1891 qualche
1370 1861 1481 1891 pamla,
1493 1861 1604 1892 qualche
1616 1862 1692 1885 altra
1705 1861 1733 1885 la
1747 1862 1778 1885 Ιιο
1791 1860 1929 1892 ripertata
1942 1861 2055 1887 dall’ed.
2079 1862 2199 1896 Gamala,

366 1902 410 1926 che
429 1902 457 1926 la
475 1901 538 1926 vide
558 1914 591 1918 —
611 1908 634 1934 5.
653 1901 755 1926 Dictus
775 1901 919 1934 aggiunge
938 1901 1177 1926 arbitrariamente
1196 1900 1272 1927 Uei-1.
1293 1916 1325 1920 —
1345 1902 1370 1927 8.
1390 1903 1494 1935 sagitte
1513 1903 1544 1927 di
1555 1903 1650 1934 prima
1669 1911 1752 1935 mano,
1776 1903 1897 1928 riscritto
1922 1905 1993 1929 male
2017 1905 2096 1930 dalla
2118 1905 2201 1931 solita

350 1966 352 1968 ,
368 1951 443 1968 mano
461 1944 505 1968 che
524 1944 679 1976 l'aggiunse
698 1947 764 1969 sotto
783 1952 829 1968 con
847 1952 930 1976 segne
948 1944 979 1968 di
995 1944 1123 1968 richx'amo
1145 1944 1209 1969 Cod.
1229 1957 1261 1961 —
1284 1951 1324 1969 10.
1345 1945 1403 1977 ipse
1422 1945 1592 1977 Dyopuldus
1612 1945 1687 1970 Uen.
1708 1959 1740 1963 -—
1769 1952 1809 1971 12.
1834 1946 1962 1971 diluculo
1989 1947 2100 1973 irruens
2123 1946 2201 1974 Uen.

306 2507 336 2534 15

305 2720 339 2738 20

307 2926 338 2952 ²5

366 1999 399 2004 —
421 1993 460 2017 14·
482 1987 544 2010 Cod.
564 1987 594 2010 di
606 1987 699 2017 prima
718 1994 794 2011 mano
811 1987 1001 2020 expugnabat,
1021 1995 1063 2011 ma
1082 1988 1111 2011 la
1129 1986 1193 2019 esu
1208 1990 1318 2018 espunta
1338 1996 1352 2012 e
1370 1988 1549 2018 svprascritta
1569 1989 1596 2012 la
1617 1989 1651 2012 i-
1666 1989 1730 2013 Cod.
1750 1989 1940 2021 expugnabat,
1954 1998 1968 2014 ε
1980 1989 2032 2015 cos)
2051 1989 2140 2022 Uen„
2157 1998 2200 2016 ua

370 2030 398 2053 la
418 2031 501 2053 stessa
519 2037 595 2054 muno
613 2037 747 2054 cem-esse:
766 2029 953 2062 impugnabat

455 2125 463 2141 ¹
483 2126 614 2151 Secondo
633 2127 655 2151 il
673 2126 839 2157 ΡοττΗΑςτ,
859 2134 908 2152 nn.
929 2128 996 2160 1848
1015 2136 1029 2152 e
1058 2129 1131 2162 1849,
1157 2129 1255 2160 questa

368 2168 487 2201 Impresa
506 2170 605 2193 contro
625 2169 696 2193 Zara
719 2176 785 2201 pare
805 2170 847 2194 sia
867 2171 1008 2195 avvenuta
1034 2171 1126 2203 prima
1149 2171 1194 2195 del
1221 2177 1255 2195 20

368 2210 421 2233 feb.
453 2216 526 2242 1²03·
572 2210 657 2235 Dalla
685 2212 764 2243 parte
793 2211 929 2241 francese,
959 2220 974 2236 a
1006 2212 1148 2237 desumere
1179 2212 1254 2237 dalle

373 2253 452 2277 Gesta
474 2253 627 2284 Innocentis,
645 2253 659 2285 ᾗ
677 2252 709 2285 87
730 2261 744 2277 e
763 2252 804 2282 88,
830 2254 935 2279 furono
960 2262 1029 2288 pure
1053 2256 1083 2280 in
1110 2256 1253 2287 quest’im-

366 2301 455 2326 presa,
473 2295 625 2319 Bonisazio
644 2296 672 2319 di
692 2296 879 2326 Monserrato,
899 2297 1042 2322 Balduino
1066 2298 1096 2322 di
1121 2297 1254 2328 mandra,

366 2335 514 2361 LudovIeo
532 2337 663 2362 Blasense
685 2337 719 2362 ed
743 2338 849 2363 Enrico
869 2339 898 2363 dl
917 2339 998 2364 Saint
1018 2339 1098 2364 Paul.
1134 2340 1157 2364 11
1177 2339 1253 2374 Papa

367 2379 458 2403 molto
478 2380 501 2403 si
522 2379 600 2404 dolse
619 2380 649 2404 di
668 2380 892 2412 quest'impoesa,
910 2380 1034 2407 fulmine
1054 2383 1141 2407 anche
1160 2383 1187 2407 le
1206 2390 1253 2408 sue

365 2421 554 2450 scomuniche.
576 2429 620 2446 ma
639 2423 686 2454 pol
707 2422 812 2447 assolse
832 2424 840 2447 l
860 2423 987 2449 Crociatl
1008 2432 1022 2448 e
1048 2425 1069 2448 li
1095 2425 1193 2456 spinse
1216 2425 1252 2449 ad

1308 2128 1410 2160 pitane
1429 2136 1443 2153 e
1463 2130 1585 2153 maestro
1604 2129 1774 2161 giustiziere
1794 2130 1824 2153 in
1843 2128 1948 2162 Pugna
1966 2136 1982 2154 e
1999 2129 2087 2156 Terre
2104 2129 2136 2156 di
2148 2129 2204 2157 Ln-

1308 2178 1398 2198 voro;
1423 2171 1506 2196 Hans
1530 2171 1629 2204 Nmse,
1656 2172 1825 2196 Materialen
1850 2180 1900 2196 zur
1925 2172 2079 2198 Gaesckn'ckte
2102 2173 2206 2199 Kaiur

1309 2214 1466 2238 Friedrich:
1487 2215 1526 2243 Il,
1547 2214 1844 2239 lnNnchrichten
1866 2221 1934 2239 von
1948 2213 2204 2242 derK.Gesel.
2231 2216 2281 2249 30‘

1308 2255 1339 2280 d.
1364 2256 1473 2280 Wiss.
1499 2263 1539 2280 zu
1564 2254 1781 2288 Gottingen,
1807 2256 1869 2281 Ph.
1893 2257 2006 2288 Hm„
2030 2255 2202 2292 Gottlngem

1309 2304 1384 2330 1912,
1406 2305 1453 2331 pp.
1471 2305 1524 2330 399
1543 2306 1557 2323 e
1576 2306 1636 2331 400.
1672 2298 1697 2323 Il
1712 2306 1763 2323 suo
1777 2306 1860 2323 nome
1879 2300 1987 2324 ricorre
2000 2300 2090 2325 anche
2103 2301 2134 2325 in
2146 2307 2204 2326 una

1306 2342 1384 2365 carta
1405 2341 1531 2365 notarile
1549 2341 1595 2365 del
1618 2347 1648 2365 12
1663 2349 1706 2374 ag.
1729 2347 1793 2366 1212
1815 2342 1845 2366 in
1865 2342 2016 2373 Mantova,
2036 2341 2201 2375 Ponam,

1307 2390 1356 2407 nn.
1375 2382 1425 2415 843
1445 2391 1459 2407 e
1478 2382 1545 2415 916;
1565 2384 1692 2408 Bonum
1711 2390 1775 2413 ecc„
1795 2391 1843 2408 nn.
1863 2385 1924 2417 ⁶⁷⁰·
1943 2382 2021 2416 5690,
2040 2389 2120 2418 5701.
2276 2398 2286 2421 ᾗ,

1393 2424 1405 2441 ⁴
1424 2424 1468 2450 Cf.
1487 2425 1556 2450 Arm.
1579 2425 1667 2450 δαείη.
1687 2427 1737 2451 clt.
1750 2426 1810 2458 agli
1829 2433 1872 2451 aa.
1889 2432 1956 2458 1²04
1969 2433 1985 2452 e
2007 2432 2085 2460 ¹205·
2114 2425 2201 2454 Guai-
2228 2429 2262 2459 35

365 2463 524 2487 accordarsi
544 2465 589 2488 coi
609 2463 709 2488 Veneti
730 2471 778 2496 per
797 2466 960 2498 proseguire
980 2466 1006 2491 la
1031 2474 1131 2499 guerra
1149 2469 1253 2492 contro

365 2506 373 2529 i
393 2504 527 2530 Saraceni
546 2505 619 2530 della
638 2507 791 2538 provincia
808 2507 836 2531 di
852 2507 1073 2541 Gerusalemme3
1087 2509 1252 2539 Pom-misr,

366 2554 413 2571 nn.
435 2552 501 2579 1947
515 2554 530 2572 e
551 2547 626 2579 1948.

452 2587 463 2604 ²
481 2589 557 2623 Papa
575 2590 737 2615 Innocenzo
756 2590 795 2615 111
814 2599 866 2616 con
880 2592 982 2617 lettera
995 2593 1040 2617 del
1054 2599 1088 2618 ²0
1100 2594 1159 2626 lug.
1174 2600 1252 2627 1203,

366 2631 489 2656 secondo
507 2632 634 2656 Bormum
652 2640 716 2662 ecc.‚
736 2641 763 2658 n.
777 2633 854 2665 5847,
868 2642 884 2658 o
899 2634 943 2659 del
958 2641 1033 2667 ²3·²s
1049 2636 1114 2668 lug.,
1128 2637 1252 2662 secondo

367 2673 388 2696 il
407 2672 573 2704 Pontum,
593 2682 620 2699 n.
647 2674 724 2707 1976,
750 2676 872 2700 concede
897 2684 912 2700 a
938 2676 1078 2702 Giacomo
1104 2677 1197 2703 Conte
1222 2679 1251 2703 dl

365 2714 510 2740 Tricarico
529 2716 579 2741 che
598 2717 731 2742 conservi
749 2724 766 2742 a
784 2718 982 2750 disposizione
1000 2720 1076 2744 della
1096 2721 1190 2745 chiesa
1209 2729 1252 2746 ro-

365 2763 447 2781 mana
466 2758 538 2782 tutte
557 2758 583 2782 le
602 2761 676 2783 terre
695 2759 813 2784 liberate
832 2760 907 2785 dalle
926 2762 1001 2786 mani
1023 2762 1067 2786 dei
1094 2762 1251 2788 Tedeschl:

365 2798 400 2822 cf.
420 2806 488 2830 pure
507 2799 733 2833 messLMANN,
753 2802 863 2834 Philipp
881 2811 931 2828 von
953 2803 1095 2828 Schwaben
1114 2806 1168 2829 und
1190 2806 1252 2831 Otto

368 2841 415 2865 IV
428 2849 478 2866 von
498 2843 716 2876 Braunschweig,
736 2851 751 2868 2
770 2845 823 2874 ed„
842 2845 969 2878 Leipzig,
991 2846 1066 2879 1878,
1085 2855 1111 2879 p.
1132 2848 1173 2880 58.

453 2881 464 2898 ³
483 2883 627 2917 Ruggiero
647 2889 729 2911 conte
749 2887 776 2911 di
798 2887 904 2919 Chieti,
923 2896 978 2913 con
1004 2889 1058 2914 due
1083 2890 1181 2915 lettere
1206 2891 1251 2915 del

367 2931 383 2956 9
403 2926 454 2949 ott.
474 2932 489 2949 e
507 2926 550 2950 del
571 2933 605 2958 30
617 2927 672 2951 dic.
695 2927 768 2960 1169,
788 2936 834 2954 era
854 2931 930 2954 stato
950 2931 1099 2955 nominato
1119 2933 1163 2956 nel
1184 2940 1251 2957 con-

367 2965 434 2989 tado
448 2965 478 2990 di
491 2965 618 2991 Civitate
631 2975 709 2992 come
722 2969 800 3001 regio
814 2972 996 3001 procuratore
1009 2972 1085 2996 della
1098 2973 1161 2997 sede
1174 2973 1250 3006 Apo-

367 3006 478 3031 stolica.
515 3007 566 3032 Nel
586 3010 693 3041 giugno
716 3017 730 3034 e
755 3011 848 3042 luglio
878 3018 943 3044 ¹²09
968 3012 997 3036 lo
1023 3013 1047 3037 si
1073 3014 1182 3039 ritrova
1208 3023 1250 3039 ca-

1305 2467 1379 2491 tiero
1400 2467 1430 2492 di
1450 2467 1574 2492 Brlenne
1598 2468 1712 2493 sarebbe
1738 2470 1832 2493 morto
1858 2469 1878 2493 il
1908 2476 1939 2501 14
1957 2469 2034 2502 glug.
2062 2475 2139 2502 1205,
2164 2470 2203 2496 cf.

1306 2509 1500 2542 Necrologium
1518 2510 1650 2539 Licinn,
1670 2510 1700 2535 in
1727 2509 1990 2544 Forschungen
2013 2519 2076 2537 zur
2098 2511 2202 2538 deut-

1307 2552 1413 2576 schen
1433 2552 1663 2583 Gescfflchte,
1683 2552 1784 2585 XVIII,
1803 2552 1972 2586 G6ttingen‚
1993 2552 2069 2586 1878,
2087 2561 2114 2588 p.
2133 2553 2200 2588 ⁴763

1305 2594 1431 2620 Beuum
1451 2602 1515 2624 ecc.¹
1536 2602 1563 2620 n.
1583 2600 1635 2628 574
1646 2604 1671 2620 a.

1392 2634 1403 2652 ⁵
1421 2636 1588 2667 Por-rimer,
1607 2637 1665 2662 alla
1684 2638 1739 2663 fine
1757 2638 1802 2663 del
1825 2637 1892 2663 1206
1906 2639 2017 2672 riporta
2030 2639 2131 2671 questa
2149 2646 2199 2664 no-

1304 2679 1374 2703 tizta
1393 2687 1474 2704 senza
1493 2687 1664 2714 assegnarne
1684 2680 1712 2705 la
1732 2681 1798 2706 dats
1816 2682 1940 2713 precisa;
1961 2681 1998 2705 cf.
2017 2682 2086 2706 nota
2106 2688 2147 2714 sg-

1394 2719 1405 2736 θ
1423 2720 1466 2750 Se,
1484 2729 1564 2746 corne
1583 2724 1734 2755 riportsno
1747 2723 1788 2755 gli
1806 2722 1874 2747 Anu.
1890 2723 1989 2752 Casia,
2008 2722 2037 2747 la
2050 2724 2156 2749 venata
2168 2722 2198 2748 di

1304 2763 1455 2796 Diopoldo
1475 2765 1504 2788 in
1524 2764 1626 2789 Sicilia
1645 2772 1774 2790 avvenne
1796 2765 1913 2789 “mense
1934 2765 2083 2790 novembri
2093 2783 2118 2797 m
2139 2765 2197 2798 egli

1306 2805 1335 2829 fu
1355 2813 1370 2830 a
1389 2805 1481 2830 Roma
1501 2807 1610 2832 assolto
1629 2807 1708 2832 dalla
1733 2808 1898 2832 scomunica
1922 2807 2016 2841 prima
2041 2807 2072 2833 dl
2096 2808 2198 2840 questo

1306 2855 1395 2877 mese;
1416 2849 1452 2873 cs.
1471 2850 1598 2875 Bonum
1617 2858 1680 2882 ecc„
1701 2857 1729 2875 n.
1749 2849 1800 2883 586
1810 2859 1836 2875 a.

1392 2889 1403 2906 ⁷
1422 2890 1456 2916 Se
1475 2899 1553 2916 come
1573 2899 1682 2925 sempre
1702 2892 1734 2918 R.
1754 2891 1769 2918 ὲ
1787 2893 1858 2918 bene
1877 2893 2046 2924 informato,
2065 2892 2079 2918 ὲ
2098 2893 2197 2919 chlsro

1306 2933 1335 2956 in
1356 2934 1455 2964 questo
1475 2935 1566 2966 punto
1592 2935 1612 2959 il
1623 2935 1754 2959 conflltto
1776 2936 1817 2960 {ra
1837 2934 1987 2960 Gualtiero
2012 2935 2042 2960 di
2066 2932 2197 2960 Pale-arla

1304 2981 1318 2998 e
1337 2974 1496 3000 Innocenzo
1515 2975 1563 3006 111,
1583 2976 1633 3002 che
1653 2977 1756 3002 voleva
1775 2978 1899 3002 rendersi
1927 2977 2036 3002 arbitro
2062 2977 2195 3003 assoluto

1306 3016 1380 3041 della
1400 3017 1511 3042 Sicilia.

2226 2645 2291 2690 ⁴⁰„

2223 2853 2258 2883 45
2280 2842 2293 2894 ’χ
