2320 3444
127 316 323 354 tenebimur,
345 320 384 348 ut
404 320 455 349 est
476 317 650 360 scriptum.
696 315 739 349 Si
758 321 870 349 autem
894 317 1031 350 ecclesia
1054 317 1203 349 arbitros
1226 317 1312 349 dare
1335 317 1491 355 noluerit,
1515 317 1570 349 uel
1583 317 1680 349 datos
1695 316 1916 360 t'mpediuerit
1930 327 1973 348 ne

126 370 323 413 procedant,
346 380 405 402 nos
427 380 468 402 ex
491 374 580 408 tune,
603 375 763 413 qnantum
786 372 834 402 ad
853 371 940 402 hunc
963 370 1145 402 articulum
1168 380 1231 401 non
1256 370 1443 402 tenebimur
1465 372 1663 403 iuramento.
1710 370 1770 402 Ad
1797 371 1889 402 cuius
1918 370 1974 402 rei

125 423 322 456 memoriam
345 426 487 467 presens
508 424 678 467 scriptum
691 424 781 466 fieri
792 424 940 466 fecimus
962 424 1093 466 sigillts
1115 424 1241 455 nostris
1264 425 1512 456 communitum.
1558 425 1680 456 Actum
1703 427 1791 468 aput
1811 422 1972 456 Sanctum

128 476 336 509 Germanum
360 487 446 509 anno
470 477 652 509 ,Millesimo
676 475 890 509 cchXXn
911 487 1021 509 mense
1043 476 1135 508 lulio
1156 477 1262 509 xxiii⁰
1286 478 1342 510 die
1364 478 1487 510 mensis
1503 478 1659 516 eiusdem,
1678 477 1867 510 Indictione
1883 477 1937 509 ii?
1951 475 1972 509 ¹.

24 586 38 601 z
84 572 104 606 5
217 573 327 618 Igitur
350 574 475 607 eodem
498 573 556 607 die
580 574 733 617 predicti
757 574 954 607 cardinales
977 574 1055 606 uice
1073 574 1204 606 domini
1229 585 1319 616 pape
1337 575 1511 608 dederunt
1527 576 1669 608 domino
1686 575 1891 617 Imperatori
1907 575 1971 608 sub

45 623 47 626 ⁴
125 627 246 661 debito
269 627 404 670 prestiti
426 628 611 661 iuramenti
633 628 776 660 firmiter
798 628 835 660 in
859 627 1042 665 mandatis,
1066 633 1103 659 ut
1125 628 1283 660 restituat
1300 628 1471 671 quidquid
1488 635 1699 671 occupatum
1716 635 1769 662 est
1785 640 1847 671 per
1861 629 1972 671 ipsum

127 681 185 713 uel
208 681 296 713 alios
318 681 492 714 ministros
514 691 595 714 suos
616 681 653 714 in
675 681 830 713 marchia
854 679 910 713 uel
934 681 1072 718 ducatu,
1096 691 1156 713 seu
1179 682 1215 713 in
1239 682 1308 714 alio
1331 682 1539 723 patrimonio
1562 682 1725 721 ecclesie,
1747 688 1783 715 et
1805 681 1975 725 quicquid

126 741 336 776 occupatum
360 740 413 767 est
434 744 497 777 per
519 735 631 777 ipsum
655 733 712 765 uel
735 734 913 766 ministros
943 734 1000 766 uel
1031 733 1166 766 baiulos
1197 745 1276 767 suos
1307 735 1350 766 de
1382 735 1503 767 castris
1533 746 1593 767 seu
1625 737 1669 768 de
1699 735 1975 779 possessionibus

31 819 38 822 γ,
127 787 425 825 monasteriorum,
450 793 485 820 et
507 786 707 830 specialiter
730 786 932 819 monasterii
955 786 1067 818 sancti
1087 786 1226 825 Quirici
1243 787 1288 819 de
1304 786 1494 820 Introduco
1506 787 1528 828 ¹,
1546 789 1785 827 ecclesiarum,
1808 789 1976 831 Templa-

37 845 46 883 ,ᾗ
67 841 106 873 10
129 840 268 880 riorum,
292 840 618 883 Hospstalariorum,
641 839 808 872 baronum
833 845 868 872 et
890 839 1038 871 aliorum
1062 839 1231 872 nobilium
1256 840 1300 872 de
1324 840 1451 884 Regno
1474 841 1533 872 uel
1556 842 1813 884 undecumque,
1837 852 1975 875 necnon

24 883 41 899 ”
128 899 163 927 et
186 900 393 933 ceterorum,
418 894 478 937 qui
499 894 536 926 in
561 894 628 926 hoc
650 893 793 936 negotio
817 898 940 925 contra
962 903 999 925 se
1023 892 1183 925 Romane
1206 892 1354 925 ecclesie
1378 894 1600 932 adheserunt,
1626 900 1660 926 et
1691 896 1785 938 quod
1816 895 1974 928 restituet

125 946 354 979 Tarentinum
378 947 692 989 archiepiscopum,
716 956 836 978 omnes
858 945 1043 988 episcopos
1065 951 1099 978 et
1122 946 1288 988 prelatos,
1312 947 1371 989 qui
1394 953 1474 979 sunt
1497 947 1639 986 exclusi,
1663 948 1709 980 ad
1733 949 1832 980 sedes
1850 954 1883 980 et
1899 948 1976 982 loca

126 1010 188 1033 sua
211 1006 248 1033 et
270 1000 316 1032 ad
338 1000 454 1032 omnia
477 999 568 1032 bona
590 1000 753 1032 extantia.

17 1092 19 1100 k
215 1053 303 1086 Item
327 1053 392 1086 sub
415 1054 541 1086 eodem
565 1053 757 1086 iuramento
780 1053 999 1091 mandarunt,
1023 1058 1061 1085 ut
1083 1053 1128 1086 de
1152 1059 1271 1085 cetero
1296 1054 1411 1085 nullus
1433 1054 1584 1086 clericus
1607 1054 1643 1085 in
1668 1055 1762 1086 ciuili
1786 1055 1842 1087 uel
1859 1055 1893 1087 in
1909 1056 1975 1088 cri-

17 1105 31 1153 *⁴*
64 1106 100 1138 15
125 1107 244 1139 minali
267 1116 371 1140 causa
395 1106 626 1140 conueniatur
648 1106 713 1139 sub
735 1106 852 1140 iudice
877 1106 1038 1144 seculari,
1054 1106 1120 1138 nisi
1137 1117 1242 1149 super
1258 1107 1376 1140 feudis
1392 1107 1543 1140 ciuiliter
1559 1108 1809 1144 conueniatur:
1833 1114 1868 1141 et
1883 1110 1976 1151 quod

26 1152 33 1154 “
125 1160 240 1193 nullus
261 1160 394 1199 talleas‚
417 1161 470 1193 uel
497 1160 664 1193 collectas
687 1161 844 1203 imponat
866 1160 1035 1198 ecclesiis,
1059 1160 1285 1202 monasteriis,
1309 1161 1447 1193 clericis
1471 1167 1506 1193 et
1527 1162 1614 1194 uiris
1637 1162 1893 1200 ecclesiasticis,
1917 1173 1977 1195 seu

126 1213 230 1246 rebus
252 1224 382 1252 eorum,
405 1220 440 1248 et
463 1213 557 1257 quod
580 1214 773 1247 electiones
796 1213 1045 1256 postulationes
1067 1219 1103 1245 et
1134 1214 1416 1247 confirmationes
1447 1214 1670 1247 ecclesiarum
1695 1221 1729 1248 et
1751 1216 1977 1248 monasterio-

126 1278 202 1300 rum
224 1267 334 1301 libere
357 1267 441 1300 fiant
463 1267 500 1300 in
523 1266 651 1311 Regno
674 1267 867 1300 secundum
890 1272 1019 1299 statuta
1042 1267 1183 1299 concilii
1207 1268 1393 1310 generalis,

27 1363 31 1366 ι
213 1320 280 1353 Die
304 1320 484 1359 Mercurii,
507 1326 633 1353 octauo
657 1325 770 1353 stante
793 1319 871 1352 Iulii
894 1320 930 1351 in
956 1320 1080 1364 uigilia
1108 1321 1221 1353 sancti
1245 1320 1364 1352 Iacobi
1379 1322 1390 1340 ³
1413 1321 1554 1353 rediens
1586 1333 1607 1353 a
1638 1321 1778 1354 domino
1809 1333 1901 1364 papa
1931 1323 1976 1355 ad

13 1388 31 1414 -,
60 1376 103 1408 20
127 1373 291 1408 Sanctum
316 1374 528 1407 Germanum
551 1374 661 1406 frater
685 1374 797 1407 Gualo
822 1374 866 1407 de
889 1375 1095 1407 auctoritate
1119 1374 1312 1416 apostolica
1335 1374 1467 1407 restitui
1495 1375 1593 1408 iussit
1623 1386 1644 1407 a
1675 1375 1909 1408 cardinalibus
1940 1376 1977 1408 in

30 1431 31 1434 ’
126 1427 258 1461 Sancto
282 1427 472 1461 Germano'
503 1433 539 1460 et
566 1434 639 1460 tota
662 1433 753 1460 terra
775 1428 976 1460 monasterii
1000 1427 1121 1459 diuina
1152 1427 1275 1465 officia,
1307 1438 1376 1471 que
1408 1439 1471 1470 per
1501 1427 1738 1461 Albanensem
1770 1430 1974 1472 episcopum

125 1481 265 1514 fuerant
287 1481 492 1519 interdicta;
516 1481 646 1524 ubique
671 1481 773 1514 etiam
798 1491 860 1524 per
882 1481 1047 1524 Regnum
1071 1482 1272 1514 mandatum
1298 1487 1350 1514 est
1373 1482 1545 1515 celebrari
1576 1483 1705 1520 diuina,
1736 1483 1805 1515 illis
1830 1484 1979 1516 exclusis

128 1535 188 1578 qui
209 1535 247 1567 in
268 1534 431 1567 Marchia
453 1535 594 1567 fuerant
618 1544 696 1567 cum
721 1535 909 1579 Raynaldo
934 1535 1025 1568 duce
1049 1534 1193 1577 Spoleti.

216 1588 420 1622 Traiectum
445 1594 480 1621 et
503 1587 674 1632 Sugium⁴
697 1598 777 1620 cum
801 1587 968 1621 comitatu
992 1587 1166 1621 Fundano
1191 1588 1310 1622 comiti
1333 1589 1517 1633 Roggerio
1540 1588 1585 1622 de
1616 1589 1745 1634 Aquila
1775 1590 1979 1629 restituitur,

23 1666 28 1671 -
61 1641 104 1676 25
127 1642 341 1685 Imperatore
364 1642 561 1675 mandante.

12 1685 23 1705 '³'
215 1695 392 1729 Landulfo
416 1695 598 1728 Casinensi
621 1695 738 1728 abbati
762 1695 1006 1728 monasterium
1031 1695 1140 1727 libere
1163 1696 1357 1728 restituitur
1387 1702 1420 1728 et
1451 1707 1557 1729 rocca
1588 1697 1719 1736 Ianule,
1750 1708 1865 1740 quam,
1892 1697 1980 1730 sicut

125 1749 162 1782 in
185 1755 326 1792 pactum
349 1755 505 1787 uenerat,
529 1749 793 1782 custodiendam
817 1749 990 1796 commisit
1006 1750 1105 1781 fratri
1121 1749 1306 1781 Leonardo
1323 1760 1407 1792 sepe
1424 1750 1496 1782 fato
1514 1751 1558 1782 de
1574 1750 1676 1783 domo
1693 1750 1978 1790 Teutonicorum‚

19 1834 31 1839 ⁷,
127 1802 186 1847 qui
210 1813 287 1835 eam
310 1802 519 1836 seruandam
544 1802 713 1836 commisit
735 1802 919 1846 Rayne'rio
935 1802 1126 1846 Belegrimi
1144 1804 1188 1835 de
1205 1801 1337 1836 Sancto
1354 1802 1479 1847 Helya,
1496 1804 1539 1836 de
1557 1814 1625 1848 quo
1640 1810 1803 1847 tanquam
1822 1805 1866 1836 de
1883 1804 1978 1837 fideli

10 1860 32 1899 ‘ff
126 1855 266 1890 Cesaris
288 1855 498 1896 confidebat,
520 1861 664 1898 recepto
687 1855 734 1888 ab
756 1866 798 1887 eo
821 1856 1030 1894 iuramento,
1054 1862 1092 1889 ut
1122 1855 1273 1889 fideliter
1303 1855 1397 1888 illam
1428 1858 1611 1897 custodiat,
1640 1858 1753 1890 donec
1784 1857 1979 1899 Imperator

10 1900 37 1954 {2²}
62 1911 104 1944 30
127 1909 202 1953 ipse
225 1909 268 1942 sit
291 1910 335 1943 ab
359 1909 727 1942 excommunicationis
748 1909 889 1942 uinculo
913 1909 1104 1942 absolutus.

10 1958 29 2007 ’ᾗῇ
216 1962 319 1996 Tunc
341 1963 536 1995 Teanensis
558 1962 755 2004 Aliphanus
770 1962 994 1995 Uenafranus
1008 1963 1164 2006 episcopi
1181 1969 1215 1996 et
1230 1964 1357 2006 prelati
1373 1963 1435 1996 alii
1452 1965 1496 1997 de
1513 1964 1640 2007 Regno
1657 1964 1801 2004 exclusi,
1817 1965 1862 1996 ad
1879 1965 1980 1998 sedes

10 2013 24 2061 f
129 2017 289 2060 proprias
310 2016 420 2050 libere
443 2021 674 2048 reuertuntur.

6 2062 27 2112 ξ
216 2069 411 2113 Imperator
427 2069 550 2102 ultimo
566 2069 624 2102 die
640 2069 769 2102 mensis
785 2069 864 2102 Iulii
878 2071 924 2103 de
942 2069 1072 2103 Sancto
1089 2070 1266 2103 Germano
1282 2072 1403 2104 exiens
1418 2072 1455 2104 in
1471 2071 1557 2104 hora
1573 2071 1784 2114 uespertina,
1802 2072 1979 2114 Aquinum

131 2135 167 2157 se
191 2124 350 2157 contulit.

8 2201 10 2226 1
64 2178 106 2210 35
219 2177 271 2210 Ea
294 2177 351 2210 die
374 2176 482 2220 pestis
505 2176 666 2220 quedam,
690 2188 757 2220 que
781 2177 910 2210 brucus
927 2178 1066 2216 dicitur,
1082 2184 1188 2211 totam
1206 2184 1332 2211 terram
1349 2179 1547 2212 monasterii
1572 2179 1770 2222 occupauit,
1794 2190 1861 2223 que
1885 2179 1979 2212 milia

129 2231 245 2264 omnia
269 2237 304 2264 et
326 2230 500 2274 quidquid
522 2230 636 2264 uiride
660 2231 819 2264 rodendo
843 2232 1006 2264 uastauit.

221 2284 438 2328 Lympuldus
461 2284 530 2317 dux
554 2283 692 2317 Austrie
715 2289 750 2317 et
774 2283 877 2317 Stirie
893 2285 949 2318 die
968 2285 1146 2318 dominico
1161 2285 1198 2318 in
1215 2292 1307 2319 sesto
1331 2293 1528 2319 sanctorum
1546 2286 1688 2319 Nazarii
1704 2293 1740 2320 et
1755 2286 1848 2319 Celsi
1862 2286 1873 2303 ⁵
1897 2293 1980 2329 aput

129 2336 298 2371 Sanctum
322 2338 536 2371 Germanum
560 2337 710 2371 naturali
733 2344 844 2371 morte
867 2339 1018 2381 defecit5
1041 2340 1138 2372 cuius
1162 2350 1239 2373 ossa
1262 2340 1378 2373 delata
1402 2346 1480 2373 sunt
1505 2351 1601 2374 more
1618 2341 1817 2374 Teutonico
1834 2342 1869 2373 in
1886 2342 1979 2373 Teu-

24 2423 25 2426 ,
131 2391 275 2433 toniam,
298 2397 333 2424 et
357 2401 439 2424 caro
464 2397 548 2433 aput
570 2391 735 2424 Casinum
758 2400 836 2423 cum
861 2392 1130 2426 honorificentia
1154 2393 1333 2426 tumulata.

65 2445 109 2477 40
221 2444 343 2477 Mense
367 2443 516 2487 Augusti
540 2444 598 2477 die
621 2443 733 2486 prima
757 2444 950 2488 Imperator
974 2447 1019 2478 ad
1042 2457 1182 2479 roccam
1207 2445 1311 2479 Arcis
1333 2457 1370 2479 se
1394 2447 1541 2480 contulit
1552 2451 1575 2479 ⁶.
1621 2448 1692 2486 Qui
1725 2454 1807 2480 tunc
1831 2453 1981 2480 castrum

221 2561 246 2588 5.
265 2557 364 2582 domni
384 2564 525 2590 pape....
546 2557 653 2581 domno
673 2565 686 2581 e
705 2557 756 2582 cos)
776 2558 804 2582 in
824 2558 894 2583 altri
911 2559 970 2583 :asi
985 2559 1073 2584 simili
1090 2560 1186 2584 Puarz
1206 2573 1238 2577 ——
1261 2567 1300 2584 ιο.
1320 2560 1550 2593 Hospltaliorum
1572 2560 1647 2585 UGH.
1667 2569 1681 2584 e
1694 2560 1756 2584 DEL
1770 2558 1813 2584 Rs:
1827 2573 1858 2577 -—
1874 2558 1915 2584 28.
1929 2560 1979 2584 Pe-

133 2599 239 2632 legrini
259 2598 334 2624 Uen.
354 2608 368 2624 e
386 2599 449 2624 Dan
468 2598 513 2623 Rs
533 2613 565 2617 —
586 2605 630 2632 ²9·
648 2599 807 2624 custodiret
826 2608 875 2626 non
895 2602 1040 2627 custodiat
1060 2602 1135 2627 Uen.
1156 2616 1188 2620 --
1208 2608 1251 2635 35.
1270 2603 1392 2627 bruchus
1412 2602 1487 2627 Uen.
1509 2612 1522 2627 e
1541 2603 1604 2627 Dm.
1623 2603 1667 2627 Rs
1686 2615 1718 2620 -
1743 2608 1785 2634 37.
1810 2601 1979 2626 lebuldus

134 2641 212 2667 Usu.
231 2651 245 2667 e
263 2641 326 2667 Dur.
344 2641 388 2666 Ru

220 2728 227 2744 ¹
248 2730 271 2755 11
289 2732 365 2755 testo
384 2731 414 2755 dl
434 2732 535 2763 questo
549 2730 715 2763 privilegio,
729 2731 853 2756 secondo
868 2731 889 2756 ll
903 2732 1028 2765 Regesto
1173 2731 1183 2748 ²
1203 2732 1362 2758 Mercoledl
1383 2741 1415 2765 ²4
1437 2734 1516 2766 lugl.,
1536 2734 1572 2758 cf.
1594 2741 1619 2765 p.
1643 2732 1690 2764 167
1712 2740 1739 2757 n.
1760 2739 1783 2765 7.

87 2775 102 2802 5
131 2772 160 2797 dl
181 2772 325 2805 Gregorio
344 2773 383 2799 1x
400 2774 425 2799 si
443 2773 480 2798 ha
500 2775 529 2798 ln
550 2774 591 2799 M.
613 2773 647 2798 G.
667 2773 702 2798 H.
727 2774 797 2805 LL„
821 2773 869 2804 IV,
888 2776 908 2800 t.
928 2780 962 2804 11,
980 2783 1027 2808 pp.
1170 2773 1181 2790 ⁴
1200 2774 1340 2805 Traietto,
1360 2776 1429 2808 oggi
1456 2782 1630 2806 scompano,
1650 2782 1664 2798 e
1689 2774 1769 2804 Suio,
1794 2773 1977 2805 CasteHorte,

134 2821 244 2848 ¹⁷3·75=
262 2814 609 2846 ΗυιιιΑκυ-Βιιέιιοιιιε,
628 2815 677 2845 111,
696 2823 723 2849 p.
743 2822 803 2840 210.
1083 2825 1180 2849 presso
1200 2818 1362 2842 Minturno.

219 2855 230 2874 ⁸
248 2856 276 2883 S.
295 2856 416 2887 Qun-ico
435 2858 465 2883 dl
479 2857 651 2884 Antrodoco
666 2859 696 2882 in
710 2859 861 2891 provincis
874 2859 906 2884 dl
918 2859 1029 2884 Abruz-
1171 2858 1181 2875 ⁵
1202 2859 1242 2884 La
1264 2861 1334 2884 festa
1354 2860 1399 2884 dei
1419 2859 1466 2885 SS.
1486 2859 1611 2884 Nazario
1630 2866 1645 2883 e
1658 2859 1755 2888 Celso,
1769 2861 1878 2883 martiri
1894 2868 1910 2884 a
1924 2859 1978 2884 Mi-

131 2906 173 2928 zo,
193 2900 292 2925 vlclno
311 2898 392 2925 Cltta
410 2900 524 2930 duc-lez
540 2901 578 2926 cs.
592 2900 739 2933 l’epIstola
754 2900 785 2924 dl
798 2901 955 2925 rinnovata
968 2909 1027 2926 sco·
1081 2902 1159 2932 lano,
1177 2903 1285 2927 ricorre
1306 2903 1326 2927 ll
1347 2902 1380 2926 28
1399 2902 1501 2935 luglio,
1516 2903 1565 2926 che
1586 2902 1632 2927 nel
1650 2908 1718 2933 ¹²30
1732 2903 1761 2926 su
1775 2902 1803 2926 di
1818 2902 1978 2934 domenlca,

132 2941 247 2967 muntea
267 2943 295 2967 dl
316 2941 457 2975 Gregorio
476 2943 514 2967 IX
535 2950 616 2967 verso
636 2943 658 2967 ll
679 2949 713 2967 20
732 2942 807 2971 VIII,
833 2949 899 2976 1229
920 2944 950 2967 in
970 2943 1027 2968 Ro·
1081 2952 1095 2969 e
1115 2946 1320 2976 precisamente
1340 2945 1368 2969 la
1389 2952 1465 2969 nona
1485 2945 1635 2969 domenlca
1655 2945 1683 2969 di
1704 2945 1880 2969 Pentecoste.

30 3007 35 3014 ,
74 2990 107 3009 10
134 2991 283 3016 onustae,
302 2985 323 3016 1,
342 2992 394 3018 319
413 2993 427 3010 e
446 2993 486 3018 sg.
1170 2985 1181 3002 ⁶
1200 2987 1382 3012 Roccadarce
1402 2994 1499 3021 presso
1526 2987 1695 3012 Frosinone.

13 3350 18 3376 c„
11 3315 20 3346 «ψ
8 3289 20 3309 :a
8 3259 22 3279 „-

128 188 180 225 [A.
201 188 293 224 ¹2³⁰]
901 184 1192 220 CHRONICA
1897 184 1967 220 169
1984 195 2058 218 Mun..
2073 200 2107 216 cc.
2120 200 2208 215 1021—22

2001 1366 2142 1386 Restituitur
2163 1366 2214 1392 offi-

2027 1393 2083 1413 tium
2098 1393 2121 1412 in
2131 1394 2215 1413 Sancto

2027 1420 2070 1440 Gn
2075 1426 2142 1440 mano
2151 1422 2173 1440 et
2182 1422 2214 1440 lo·

2025 1448 2049 1466 ta
2063 1449 2128 1467 terra
2138 1453 2214 1468 mona·

2027 1474 2100 1494 ster-ii.

2063 1508 2084 1522 c.
2101 1507 2126 1524 29
2136 1507 2150 1520 ν

2009 2907 2038 2933 ¹5
