2320 3444
0 3270 25 3444 mnus-Q?
20 3251 21 3254 „
26 3201 30 3203 y

140 195 191 229 [A.
214 194 305 231 12:³01

137 322 258 356 dentes
281 323 326 356 de
350 322 482 356 Sancto
513 323 688 356 Germano
702 323 722 361 ¹,
753 324 970 366 Ceperanum
1000 335 1037 356 se
1061 324 1266 362 conterunt3
1291 325 1335 357 ad
1359 335 1445 367 quos
1475 325 1571 357 uadit
1604 325 1679 367 ipse
1711 325 1912 366 Imperator,

137 377 291 409 exterius
315 382 428 410 castra
450 383 600 410 metatus
616 383 679 416 est,
700 378 927 421 precepitque
952 378 1117 411 militibus
1133 378 1202 410 suis
1216 379 1483 412 ostentationem
1498 379 1618 411 facere
1635 378 1671 409 in
1687 378 1786 420 equis
1809 383 1844 410 et
1866 377 1980 409 armis.
2020 376 2114 400 1⁶“'‘¹'¹¹''¹
2123 377 2219 398 “adm“-

916 191 1206 227 CHRONICA

228 429 309 472 Ipso
332 441 450 463 mense
474 430 623 474 Augusti
646 430 681 463 in
705 431 796 464 festo
819 431 912 464 beati
938 431 1087 474 apostoli
1112 431 1373 464 Bartholomei²
1396 432 1515 475 fulgur
1538 432 1582 464 de
1607 431 1684 464 celo
1708 431 1862 468 ueniens,
1887 440 1982 462 cam-

137 483 253 526 panile
277 482 467 516 Casinense
488 484 670 527 percussit,
695 489 730 516 et
753 489 860 517 totam
883 485 956 516 eius
979 484 1210 517 summitatem
1235 485 1386 527 proiecit
1410 485 1444 517 in
1469 491 1608 523 terram,
1631 484 1735 517 saluis
1758 489 1874 517 tamen
1891 494 1983 517 cam-

94 534 114 568 5
137 535 248 578 panis,
265 547 331 580 que
355 543 454 570 erant
475 538 513 569 in
536 547 589 570 eo.
635 537 772 570 Interea
795 537 1035 570 laborantibus
1058 537 1140 569 hinc
1163 538 1246 569 inde
1279 538 1406 570 nuntiis
1436 548 1479 570 ex
1510 544 1608 580 parte
1639 548 1730 580 pape
1759 543 1794 569 et
1822 535 1983 579 im'pera-

137 589 232 628 toris,
247 590 414 633 magistro
430 590 553 623 domus
568 590 844 623 Teutonicorum
860 596 894 622 et
910 589 1127 632 principibus
1144 589 1351 622 Alamannie
1370 591 1591 633 supradictiS,
1608 601 1676 633 pax
1692 596 1743 623 est
1757 590 1853 623 inter
1867 590 1980 632 ipsum
2031 590 2078 611 κί’·

137 653 275 685 papam,
298 649 334 676 et
348 643 513 676 Cesarem
537 645 735 682 reformata,
760 649 794 676 et
817 642 967 686 quedam
983 653 1080 676 arces
1096 644 1213 687 Regni
1229 644 1356 676 tradite
1375 650 1453 676 sunt
1476 645 1647 676 servande
1671 644 1836 687 magistro
1860 644 1983 676 domus

137 695 413 730 Teutonicorum
435 707 543 740 usque
559 697 605 729 ad
620 702 754 730 certum
778 702 913 738 tempus
928 707 992 739 pro
1008 697 1131 729 maiori
1156 697 1307 729 ecclesie
1330 697 1509 734 firmitate:
1533 703 1567 729 et
1590 703 1673 730 tunc
1699 698 1894 739 Imperator
1909 697 1986 739 ipse

135 749 173 781 in
197 749 318 782 castris
341 755 422 782 ante
446 750 675 792 Ceperanum,
691 750 728 782 in
745 749 881 792 capella
904 755 1022 782 sancte
1039 750 1132 782 Iuste
1150 749 1206 782 die
1222 750 1390 782 Mercurii
1412 750 1447 782 in
1464 750 1556 782 festo
1581 750 1673 783 beati
1690 750 1874 793 Augustini
1887 749 1898 767 ³
1922 761 1985 792 per
2009 749 2027 769 Α

75 802 114 834 10
137 801 368 836 Sabinensem
393 809 445 836 est
467 803 669 847 episcopum
693 803 738 835 ab
762 803 1132 836 excommunicationis
1147 804 1291 836 uinculo
1315 804 1504 836 absolutus.
1550 802 1716 836 Similiter
1733 810 1767 836 et
1783 814 1904 836 omnes
1919 803 1981 836 sui.

137 855 182 888 Et
204 856 325 889 ultimo
348 856 476 889 mensis
490 856 639 900 Augusti
663 856 762 889 uadit
783 855 982 900 Anagniam
1005 856 1186 889 locuturus
1210 867 1288 888 cum
1311 867 1414 898 papa.

227 909 367 943 Interea
389 920 467 942 suas
482 920 545 952 per
561 915 670 943 totum
686 910 850 953 Regnum
867 909 1079 953 generaliter
1101 909 1220 941 literas
1236 920 1300 951 pro
1324 910 1543 943 libertatibus
1560 911 1846 943 monasteriorum
1870 910 1987 943 eccle-

135 963 263 995 siarum
286 973 512 1005 personarum
535 963 850 996 ecclesiasticarum
876 968 912 996 et
933 974 1050 995 rerum
1073 962 1212 995 illarum
1238 963 1360 1006 dirigit
1382 963 1418 995 in
1442 964 1509 996 hac
1533 964 1664 996 forma:

968 1078 1142 1122 Epistola.

14 1183 33 1212 ς
73 1166 112 1200 15
229 1167 454 1210 Fre[dericus]
470 1172 504 1201 et
518 1173 640 1201 cetera.
664 1169 851 1208 comitibus,
873 1168 1063 1207 baronibus,
1086 1168 1293 1206 iustitiariis,
1317 1169 1529 1206 camerariis,
1546 1173 1580 1200 et
1595 1168 1716 1201 baiulz's
1731 1169 1767 1200 in
1783 1169 1914 1211 Regno
1929 1169 1985 1202 Si-

135 1221 212 1254 cilie
233 1222 431 1260 constitutis,
455 1226 488 1253 et
509 1227 635 1255 cetera.
660 1222 845 1255 Fidelitati
864 1226 976 1255 uestro
997 1225 1066 1265 per
1089 1223 1300 1265 presentium
1323 1223 1458 1265 scripta
1481 1223 1679 1254 mandantes
1699 1223 1912 1266 precipimus
1919 1225 1986 1266 fir-

135 1276 244 1315 miter,
269 1280 308 1308 ut
328 1275 437 1308 nullus
459 1281 608 1309 uestrum
632 1276 855 1318 monasteriis,
879 1276 1032 1318 ecclesiis,
1049 1276 1204 1320 personis
1220 1276 1451 1308 ecclesiasticas
1473 1281 1532 1308 aut
1547 1276 1644 1308 rebus
1662 1287 1776 1308 eorum
1799 1277 1918 1309 talleas
1933 1277 1990 1309 uel

133 1328 286 1362 collectas
306 1332 484 1373 presumat
497 1330 684 1373 imponere,
700 1329 806 1362 saluis
821 1330 892 1362 illis
907 1330 1059 1362 serm'tiis
1074 1330 1123 1360 ad
1135 1340 1199 1372 que
1215 1334 1307 1362 certe
1323 1330 1460 1362 ecclesie
1474 1330 1531 1361 uel
1541 1333 1688 1373 persone
1709 1334 1866 1362 tenentur
1881 1330 1985 1368 nobis,

133 1381 331 1426 specialiter
353 1382 514 1426 obligate.

561 1383 691 1416 Datum
715 1383 752 1415 in
774 1383 898 1415 castris
919 1387 998 1415 ante
1023 1382 1234 1426 Ceperanum
1257 1383 1368 1415 xxiiii
1387 1383 1509 1415 mensis
1525 1382 1682 1426 Augusti
1703 1383 1904 1415 lndictiom's
1919 1383 1984 1415 iii!

12 1486 20 1497 ⁸
67 1498 110 1531 20
223 1497 334 1531 Mittit
355 1499 459 1532 etiam
483 1510 563 1532 suos
587 1499 726 1532 nuntios
751 1505 785 1532 et
807 1499 941 1532 litteras
965 1499 1011 1532 ad
1035 1509 1154 1531 omnes
1179 1499 1339 1532 ciuitates
1370 1506 1404 1532 et
1427 1505 1543 1531 castra
1567 1500 1611 1531 de
1638 1498 1800 1531 Marchia
1823 1510 1890 1542 que
1915 1499 1982 1531 sibi

136 1552 339 1585 fidelitatem
362 1553 524 1585 fecerant
545 1552 609 1585 sub
633 1552 904 1586 comminatione
928 1552 1163 1592 diffidationis,
1186 1558 1223 1585 ut
1239 1553 1285 1585 ad
1302 1553 1405 1585 fidem
1429 1553 1574 1585 redeant
1597 1553 1758 1585 Romane
1783 1552 1932 1585 ecclesie
1951 1558 1985 1584 et

139 1606 340 1638 mandatum
365 1606 518 1639 eiusdem
532 1605 555 1639 ⁴.

225 1657 349 1693 Mense
373 1659 602 1701 Septembris,
627 1660 737 1702 prima
760 1660 817 1693 die
839 1660 968 1692 mensis
983 1660 1140 1693 eiusdem
1165 1660 1224 1703 qui
1248 1660 1315 1692 fuit
1338 1660 1414 1692 dies
1437 1659 1638 1692 Dominicus
1651 1659 1673 1698 ⁵,
1697 1659 1807 1692 Cesar
1822 1660 1985 1692 inuitatus

136 1723 158 1745 a
179 1723 283 1756 papa,
307 1723 385 1745 cum
409 1718 499 1746 esset
521 1713 557 1746 in
581 1714 703 1746 castris
725 1714 761 1746 in
777 1713 868 1757 pede
884 1713 1058 1757 Anagnie,
1082 1714 1264 1757 magnifice
1289 1713 1474 1746 comitatus
1490 1725 1510 1745 a
1534 1713 1774 1746 cardinalibus
1791 1719 1824 1746 et
1840 1713 1986 1746 nobilio-

13 1771 31 1795 Ἀ
70 1766 113 1798 25
136 1766 234 1800 ribus
257 1766 409 1800 ciuitatis
432 1766 574 1799 intrauit
597 1766 805 1811 Anagniam,
827 1773 862 1800 et
885 1778 927 1800 eo
952 1768 1009 1800 die
1027 1778 1106 1800 cum
1121 1778 1213 1810 papa
1236 1768 1327 1800 sedit
1343 1767 1377 1799 in
1402 1777 1520 1799 mensa
1543 1773 1578 1799 et
1600 1767 1694 1799 solus
1710 1778 1788 1800 cum
1811 1767 1897 1805 solo,

133 1819 244 1863 gistro
267 1826 383 1852 tamen
406 1819 682 1853 Teutonicorum
706 1827 879 1863 presente,
902 1821 938 1853 in
962 1821 1081 1863 papali
1106 1831 1256 1859 camera,
1274 1820 1420 1853 consilio
1445 1821 1550 1864 longo
1565 1832 1602 1854 se
1619 1828 1765 1854 tenuere
1783 1821 1861 1858 diu;
1879 1827 1912 1853 et
1928 1821 1984 1854 die

136 1872 236 1907 Lune
260 1873 420 1916 sequenti
444 1883 524 1906 cum
547 1875 662 1918 gratia
684 1885 776 1918 pape
800 1881 835 1908 et
858 1875 1090 1907 cardinalium
1115 1875 1161 1907 ad
1185 1880 1301 1907 castra
1325 1885 1486 1907 reuersus
1511 1882 1562 1906 est
1574 1874 1596 1907 ⁶.

1643 1875 1744 1907 Tunc
1768 1874 1915 1908 Iohanni
1940 1875 1984 1907 de

133 1926 212 1960 Poli
235 1927 411 1960 concessit
433 1927 635 1959 comitatum
659 1927 703 1960 de
726 1927 818 1961 Albe
841 1934 984 1970 propter
1008 1928 1184 1960 ciuitatem
1208 1927 1425 1966 Fundanam,
1442 1939 1544 1970 quam
1561 1928 1702 1961 abstulit
1720 1929 1762 1966 ei,
1779 1934 1814 1961 et
1828 1928 1982 1961 reddidit

137 1990 212 2013 eam
235 1980 414 2025 Roggerio
438 1980 483 2012 de
508 1979 647 2024 Aquila,
671 1991 749 2014 cum
766 1987 837 2014 toto
861 1982 1032 2014 Fundano
1056 1982 1234 2014 comitatu.
1269 1982 1373 2014 Tunc
1397 1983 1501 2014 etiam
1527 1981 1634 2014 abbas
1658 1982 1779 2014 Sancti
1803 1981 1981 2015 Vincentii

225 2127 249 2152 4.
271 2118 418 2144 Casinatis
438 2119 583 2145 coenobii.
593 2136 600 2145 .
611 2137 618 2145 .
631 2139 636 2144 .

142 2171 156 2187 ε
174 2162 236 2188 Du
256 2162 300 2187 Ra

224 2267 233 2285 ¹
253 2270 293 2294 La
313 2269 379 2294 data
397 2267 412 2294 δ
430 2270 535 2294 esatta:
555 2268 654 2295 lunedi
675 2276 689 2302 5
709 2278 753 2304 ag.

221 2310 233 2328 ¹
252 2318 285 2344 ²4
310 2319 354 2344 ag.
390 2311 424 2336 In
448 2314 550 2344 questo
573 2313 680 2345 giorno
705 2313 810 2338 surono
836 2314 962 2338 stabiliti
987 2314 1028 2347 gli

90 2362 106 2389 5
134 2354 232 2380 ultimi
251 2354 363 2379 accordl
384 2353 428 2379 fra
448 2354 469 2378 ii
488 2354 566 2387 Papa
584 2362 599 2379 e
619 2355 823 2388 i’imperatore,
842 2364 856 2380 e
873 2357 901 2380 fu
915 2356 1030 2388 spedito

133 2397 156 2422 ii
176 2397 312 2422 mandato
335 2397 363 2421 di
391 2396 526 2421 Federico
553 2397 580 2421 ai
605 2398 695 2426 conti,
720 2398 832 2427 baroni,
858 2399 1028 2430 giustiziefl,

133 2438 271 2464 camerari
290 2445 305 2463 e
323 2438 415 2463 baiuli
442 2438 487 2463 dei
514 2446 602 2471 regno
622 2439 651 2463 di
678 2438 790 2469 Sicilia,
809 2442 958 2465 trascritto
981 2441 1031 2474 poi

133 2481 213 2506 dallo
232 2482 324 2506 stesso
343 2480 392 2510 R.;
413 2481 459 2505 col
480 2480 564 2513 quale
589 2481 726 2506 mandato
751 2483 774 2506 si
802 2483 1030 2508 riconoscevano

133 2523 160 2549 le
179 2521 333 2549 immunita
352 2524 504 2548 tributarie
518 2523 562 2548 del
578 2524 654 2548 clero
667 2531 682 2548 e
696 2524 719 2549 il
733 2525 890 2558 privilegio
904 2526 948 2550 del
964 2526 1030 2551 foro

28 2559 29 2562 ¹
74 2577 107 2596 10
134 2566 340 2596 ecclesiastico,
360 2567 485 2591 secondo
506 2567 531 2591 ie
552 2574 650 2591 norme
669 2567 715 2592 dei
736 2567 873 2593 Concilio
886 2567 1031 2594 Laterano

134 2609 182 2634 dei
203 2614 279 2641 ¹²¹⁵·

221 2649 232 2666 ³
252 2652 286 2677 28
306 2658 349 2685 ag.
376 2651 430 2676 Fra
449 2652 492 2684 gli
519 2651 586 2676 altri
615 2652 722 2676 surono
746 2653 874 2684 presenti
900 2652 1029 2679 l’arcive-

133 2701 220 2719 πονο
233 2694 261 2718 dl
283 2694 377 2725 Aries.
398 2694 420 2719 11
440 2701 566 2720 vescovo
585 2693 615 2718 di
632 2694 811 2719 winchester
824 2703 838 2719 e
851 2694 964 2721 Milone
983 2704 1030 2720 ve-

132 2743 220 2761 scovo
234 2736 264 2760 di
278 2737 431 2766 Beauvatm
446 2737 482 2761 cs.
498 2736 844 2767 Ηυιιιᾼκυ-Βκιὲιιοιικε,
858 2737 905 2766 111,
919 2745 946 2771 p.
961 2738 1027 2768 2183

133 2779 259 2803 Βὸωακ
289 2785 316 2803 n.
338 2776 369 2803 18
491 2787 520 2803 er
545 2779 598 2803 Mil
622 2786 656 2803 ne
704 2795 712 2804 .
767 2785 791 2808 2,
835 2798 841 2805 .
880 2798 886 2804 .

73 2786 103 2813 ¹⁵
220 2819 231 2836 ⁴
249 2784 668 2852 finitrigglssizguonmsfnf.
685 2785 763 2854 Ρπιὲζ
787 2785 923 2852 Βέηιίεκ.
953 2823 1029 2848 ι8ι8.

220 2861 231 2878 ⁵
249 2862 290 2887 La
310 2862 465 2889 datazione
483 2862 498 2888 ὲ
516 2865 618 2889 esatta.
658 2863 728 2888 “Ad
747 2871 830 2896 quem
843 2863 970 2898 (papam)
985 2866 1027 2890 in-

133 2906 200 2931 “ter
218 2906 350 2931 autumni
372 2907 532 2939 primordia
559 2908 714 2940 imperator
738 2913 774 2931 ex
799 2906 947 2939 insperato
967 2915 1027 2940 per-

133 2948 246 2980 “vsnit,
266 2949 344 2973 circa
362 2947 456 2974 Salam
476 2949 609 2974 talientis
634 2956 724 2980 aquae
750 2948 860 2973 fontem
885 2949 1026 2983 irriguum

30 2971 37 3014 f
69 2996 104 3015 20
133 2990 375 3016 “castrametatus
394 2991 582 3024 magnifice„;
611 2992 671 3016 Vita
695 2991 837 3024 Gregorii,
849 2990 908 3019 cit,
926 2998 954 3024 p.
969 2996 1028 3025 577.

657 2121 780 2147 obnoxit
798 2122 846 2146 nel
862 2122 988 2154 margine
1008 2125 1113 2146 esterno
1133 2121 1163 2146 di
1180 2130 1256 2146 mano
1276 2122 1322 2146 del
1333 2129 1384 2146 sec.
1399 2120 1493 2146 XVII
1509 2122 1571 2146 Cod.
1593 2135 1625 2138 —
1643 2128 1683 2154 14.
1697 2121 1832 2153 Epistula
1845 2130 1893 2146 om.
1909 2121 1983 2146 Uen.

1175 2268 1186 2285 ⁰
1205 2271 1259 2295 Dei
1279 2271 1431 2302 colloquio
1452 2271 1497 2295 col
1518 2278 1591 2303 papa
1612 2270 1749 2296 Federico
1764 2269 1854 2296 luscio
1870 2279 1906 2295 un
1921 2272 1984 2295 bre-

1087 2321 1119 2337 ve
1138 2315 1299 2338 riassunto:
1321 2312 1460 2338 “Deinde
1481 2315 1511 2337 ut
1531 2315 1596 2346 post
1624 2314 1839 2338 absolutionem
1864 2322 1898 2337 ex
1924 2321 1985 2346 pre-

1086 2355 1206 2380 “sentia
1225 2362 1388 2388 corporum,
1410 2356 1548 2380 mentium
1570 2356 1709 2380 serenitas
1729 2356 1839 2388 gratius
1858 2363 1983 2388 sequere-

1086 2398 1099 2411 “
1111 2401 1165 2427 tur,
1186 2400 1279 2432 primo
1299 2399 1468 2430 septembris
1488 2399 1679 2430 apostolicam
1694 2399 1786 2423 sedem
1799 2399 1943 2423 adivimus
1957 2400 1985 2422 et

1086 2441 1099 2454 “
1111 2441 1324 2465 sanctissimum
1345 2443 1454 2472 patrem
1474 2441 1623 2465 dominum
1638 2440 1808 2473 Gregorium
1823 2441 1877 2465 Dei
1890 2442 1983 2473 gratia
2013 2447 2044 2473 25

1083 2483 1097 2497 ¹¹
1108 2491 1249 2508 summum
1263 2483 1428 2515 pontificem
1445 2483 1572 2508 vidimus
1587 2486 1756 2508 reverenter.
1786 2482 1843 2511 Qui
1859 2483 1983 2508 affcctio—

1085 2524 1098 2538 ¹¹
1111 2533 1146 2550 ne
1165 2526 1283 2557 paterna
1298 2533 1351 2550 nos
1365 2527 1516 2558 recipiens,
1535 2527 1563 2550 et
1577 2533 1645 2557 pace
1659 2526 1787 2550 cordium
1803 2527 1890 2550 sacris
1904 2533 1983 2550 oscu-

1085 2567 1148 2593 “lis
1168 2568 1294 2593 sederata
1313 2570 1370 2593 tam
1397 2569 1544 2598 benevole,
1570 2570 1628 2592 tam
1653 2568 1776 2600 benigne
1802 2568 1983 2601 propositum

1085 2611 1193 2635 “nobis
1214 2618 1261 2635 sue
1282 2611 1459 2635 intentionis
1478 2612 1601 2643 aperust,
1621 2611 1655 2635 de
1675 2611 1745 2642 ipsis
1768 2618 1820 2642 que
1847 2617 1983 2642 precesse-

1085 2653 1176 2677 “rant
1202 2653 1243 2677 nil
1270 2653 1418 2684 omittens,
1444 2655 1471 2678 et
1497 2653 1613 2685 singula
1639 2660 1813 2686 prosequens
1839 2652 1983 2677 evidentis
2012 2662 2046 2686 30

1085 2695 1220 2720 “iudicio
1240 2696 1373 2723 rationis,
1393 2696 1465 2727 quod
1486 2695 1541 2719 etsi
1562 2703 1613 2718 nos
1634 2696 1786 2727 precedens
1806 2702 1889 2719 causa
1909 2702 1984 2718 com-

1085 2737 1234 2762 “moverit
1254 2737 1298 2761 vel
1319 2744 1466 2761 rancorem
1488 2738 1617 2770 potuerit
1637 2737 1759 2768 aliquem
1783 2737 1922 2766 attulisse,
1942 2737 1983 2761 sic

1085 2779 1322 2809 “benevolentia,
1351 2788 1433 2812 quam
1464 2780 1654 2811 persensimus
1685 2781 1713 2803 in
1743 2779 1840 2804 eodem
1870 2787 1983 2804 omnem

1084 2822 1097 2835 “
1110 2824 1216 2847 motum
1237 2823 1345 2847 lenivit
1365 2823 1455 2847 animi
1475 2824 1502 2846 et
1524 2823 1652 2846 nostrum
1672 2823 1771 2846 amoto
1798 2829 1917 2846 rancore
1943 2829 1982 2846 se-

1085 2862 1097 2875 ¹‘
1109 2865 1222 2887 renavit
1241 2864 1312 2887 adeo
1333 2863 1520 2891 voluntatem,
1534 2865 1565 2886 ut
1579 2869 1638 2886 non
1654 2862 1774 2886 velimus
1789 2862 1911 2887 ulterius
1923 2869 1983 2894 pre·
2010 2870 2044 2897 35

1085 2905 1193 2930 “tei-ita
1214 2906 1376 2934 memorari,
1395 2912 1448 2936 que
1469 2906 1622 2929 necessitas
1643 2905 1755 2933 intulit,
1775 2907 1806 2929 ut
1832 2904 1924 2928 virtus
1949 2912 1984 2929 ex

1084 2948 1097 2960 ‘⁴
1111 2948 1278 2972 necessitate
1299 2948 1434 2980 prodiens
1453 2949 1620 2980 operaretur
1638 2948 1760 2979 gratiam
1774 2948 1943 2980 ampliorem
1956 2956 1983 2977 „;

1083 2991 1119 3015 cf.
1139 2992 1180 3017 M.
1206 2992 1237 3016 G.
1260 2992 1295 3015 ΙΙ,
1317 2991 1385 3019 LL„
1405 2990 1454 3019 lv,
1473 2992 1493 3015 t.
1514 2997 1548 3020 11,
1569 2998 1615 3022 pp.
1638 2990 1725 3014 181-2.

1910 189 1976 230 171
1998 201 2073 225 Mun„
2084 206 2118 223 cc.
2131 206 2218 226 1023-24

2029 322 2114 342 dt'nalis
2140 323 2220 342 sancte

1943 329 1979 357 et
2028 349 2112 369 Sabine
2122 349 2144 368 in
2156 350 2220 369 Cam-

2008 482 2124 503 Casinatis
2143 488 2222 503 coeno-

2031 509 2065 529 bii
2077 510 2153 529 arceis
2166 516 2222 529 nun-

2032 542 2097 562 quam
2118 543 2162 556 non
2170 536 2221 561 ful-

2031 563 2128 583 moribus
2156 563 2222 583 obno-

2070 623 2091 638 c.
2103 623 2153 642 3⁰71

2030 748 2126 779 bsolutso
2154 749 2223 774 Impe-

2035 782 2042 795 r
2048 777 2095 796 alar
2102 781 2129 798 ις,

1913 1779 1984 1799 ma-
2009 1767 2136 1796 lmperator
2161 1767 2223 1786 Ana-

2031 1799 2112 1818 gmam
2127 1795 2215 1814 marat.
