2320 3444
357 340 468 372 minus
501 339 637 371 soluere
674 336 847 369 tenebitur
887 334 1047 378 passagio
1083 335 1201 368 subse-

357 393 485 437 quenti.
532 389 682 429 Quando
706 395 818 422 autem
843 387 878 419 in
901 387 1005 430 primi
1022 388 1089 419 fine
1106 387 1202 420 bien-

355 447 403 478 nii
426 446 470 478 ad
497 444 691 488 passagium
726 443 937 485 assignatum
975 442 1201 474 transfretare

356 500 546 542 continget,
577 497 769 530 reddentur
801 505 830 528 c.
857 495 951 528 milia
977 496 1097 527 uncias
1127 496 1203 528 auri

356 552 400 585 ad
423 550 691 594 expendendum
713 550 749 581 in
773 549 915 581 seruitio
939 547 1006 579 Dei
1030 554 1066 580 et
1092 548 1203 581 Terre
1289 548 1306 581 5

356 610 495 641 sancte3
520 609 554 635 et
577 604 606 635 si
637 613 728 643 eum,
753 601 849 645 quod
873 600 966 633 Deus
992 607 1136 640 auertat,
1152 601 1203 633 in-

355 658 454 691 terim
478 657 534 689 uel
558 655 649 688 ultra
671 665 776 694 mare,
808 660 889 686 ante
913 653 1108 698 passagium
1132 665 1203 686 me-

357 717 524 744 moratum
555 709 653 742 obire
686 708 905 751 contingerit,
932 707 990 740 uel
1013 707 1097 740 alias
1121 718 1204 750 qua-

357 774 505 806 cumque
529 763 573 796 de
597 773 701 794 causa
735 761 884 794 forsitan
913 771 983 793 non
1015 761 1204 800 transierit,

357 827 418 850 rex
440 815 744 853 Ierosolimitanus,
768 814 968 857 patriarcha
991 819 1025 846 et
1041 814 1206 858 magister
1271 816 1309 848 10

357 871 478 904 domus
501 869 774 902 Alamannorum
805 867 956 910 predicti
988 867 1033 899 ad
1062 867 1203 900 laudum

358 930 392 956 et
415 922 599 955 consilium
621 922 860 965 magistrorum
877 921 998 953 domus
1014 920 1206 963 Hospitalis

358 983 392 1010 et
415 976 555 1019 Templi
586 982 621 1008 et
644 975 789 1008 aliorum
812 974 1002 1018 proborum
1027 974 1205 1007 hominum

357 1030 401 1063 de
425 1036 518 1062 terra
540 1031 739 1071 expendent
762 1029 872 1070 ipsam
897 1028 1082 1070 pecuniam
1113 1027 1207 1060 bona

357 1083 437 1123 fide,
459 1083 549 1115 sicut
564 1082 630 1115 sibi
646 1081 771 1114 melius
786 1081 898 1113 uisum
916 1081 1023 1113 fuerit
1040 1081 1206 1123 expedire
1273 1082 1309 1115 15

357 1137 403 1170 ad
425 1136 608 1169 utilitatem
631 1136 744 1168 Terre
769 1140 889 1167 sancte
912 1140 947 1166 et
970 1134 1146 1167 seruitium
1171 1141 1206 1168 et

358 1200 422 1232 pro
446 1189 555 1222 salute
578 1188 686 1231 ipsius
709 1187 933 1230 Imperatoris
956 1193 992 1220 et
1005 1193 1205 1220 antecesso-

358 1254 433 1275 rum
463 1253 611 1275 suorum.
658 1242 695 1274 Si
727 1251 823 1280 uero,
855 1241 949 1283 quod
981 1241 1203 1279 absit‚,infra

358 1296 588 1339 prescriptum
604 1296 787 1328 terminum
810 1295 970 1338 passagio
994 1294 1206 1339 assignatum

358 1349 524 1393 quicquid
545 1349 742 1381 humanitus
758 1348 802 1380 de
817 1348 1031 1390 Imperatore
1047 1348 1125 1390 ipso
1147 1359 1206 1382 ac·
1268 1353 1312 1383 20

359 1403 485 1436 ciderit
505 1402 562 1435 uel
585 1402 621 1434 in
643 1402 761 1446 aliquo
778 1402 870 1434 forte
886 1401 1063 1434 defecerit
1079 1402 1123 1435 de
1138 1402 1207 1435 hiis

359 1467 425 1500 que
449 1456 605 1498 superius
628 1462 707 1488 sunt
725 1465 888 1498 expressa
905 1460 939 1487 et
955 1455 1135 1498 promissa,
1151 1467 1206 1489 re-

358 1510 475 1554 gimen
498 1508 616 1541 Sicilie
640 1508 834 1541 remanebit
855 1508 901 1541 ad
925 1519 967 1540 ea
986 1509 1102 1541 omnia
1118 1508 1206 1542 obli-

358 1569 492 1607 gatum;
516 1563 565 1595 ita
587 1569 624 1594 ut
647 1562 857 1606 quicumque
879 1561 966 1594 illud
988 1562 1142 1601 habebit,
1165 1574 1208 1596 ea

359 1616 532 1649 tenebitur
555 1616 692 1659 integre
716 1616 919 1657 adimplere.
1269 1619 1311 1652 25

447 1669 640 1711 Imperator
685 1669 760 1711 ipse
805 1668 1035 1711 personaliter
1079 1669 1207 1703 iurabit

359 1724 454 1766 quod
470 1722 628 1755 transibit
643 1722 734 1755 ultra
750 1731 845 1754 mare
860 1721 897 1753 in
913 1722 1102 1755 subsidium
1118 1723 1206 1755 Ter-

359 1788 397 1809 re
415 1782 536 1809 sancte
552 1776 588 1807 in
603 1776 762 1819 passagio
785 1776 1037 1818 suprascriptm
1063 1782 1099 1809 et
1121 1787 1209 1809 unus

359 1831 523 1873 princeps
545 1829 671 1862 iurabit
694 1830 728 1861 in
752 1829 867 1862 anima
882 1829 990 1872 ipsius
1013 1830 1207 1872 Imperato-

360 1895 431 1916 rem
452 1884 566 1927 ipsum
589 1884 732 1916 firmiter
755 1889 789 1916 et
812 1883 962 1916 fideliter
992 1889 1207 1916 seruaturum
1271 1889 1313 1921 30

360 1938 476 1970 omnia
509 1938 599 1970 sicut
633 1938 791 1980 superius
825 1943 903 1970 sunt
934 1948 1108 1980 expressa.
1154 1937 1208 1970 Ex

360 2000 452 2022 nunc
476 1997 592 2023 autem
616 1991 749 2023 feretur
770 1991 1108 2024 excomunicationis
1129 2002 1208 2024 sen-

361 2045 482 2083 tentia,
504 2045 540 2076 in
556 2055 625 2087 qua
640 2045 716 2087 ipse
733 2045 868 2078 incidet
884 2045 1078 2087 Imperator
1093 2045 1122 2078 si
1138 2056 1208 2078 non

362 2098 638 2131 transfretauerit
653 2098 766 2131 subito
782 2098 837 2130 uel
855 2108 925 2130 non
941 2097 1080 2132 duxerit
1093 2109 1207 2132 secum

363 2151 456 2183 mille
488 2150 628 2183 'milites
657 2152 713 2183 uel
744 2162 815 2184 non
845 2151 978 2184 miserit
1015 2152 1207 2194 predictam
1271 2155 1313 2188 35

363 2205 547 2247 pecuniam
570 2204 658 2236 sicut
673 2204 832 2247 superius
847 2211 899 2237 est
914 2215 1125 2247 expressum.
1173 2205 1210 2238 Si

365 2265 475 2291 autem
500 2258 674 2291 defecerit
696 2259 732 2290 in
756 2258 931 2301 aliquibus
953 2259 1011 2292 uel
1033 2258 1070 2292 in
1092 2259 1209 2303 aliquo

364 2319 556 2344 ceterorum
581 2312 732 2345 ecclesia
747 2312 910 2345 Romana
933 2312 1158 2345 sententiabit
1172 2312 1208 2344 in

363 2366 476 2407 ipsum
501 2372 535 2397 et
557 2366 592 2397 in
609 2372 735 2398 terram
759 2376 855 2398 suam
872 2365 916 2397 de
941 2372 1133 2408 spontanea
1149 2376 1211 2399 uo-

364 2419 505 2456 luntate,
529 2424 563 2450 et
586 2419 654 2451 iam
685 2420 830 2460 prestito
862 2429 1033 2450 consensu
1056 2419 1210 2462 Impera·
1274 2425 1315 2456 40

365 2471 448 2503 toris
472 2472 638 2504 eiusdem.
687 2471 794 2509 Quod
816 2472 845 2504 si
869 2471 987 2514 aliquo
1005 2472 1153 2504 termino
1176 2472 1211 2503 in

363 2525 510 2567 pecunie
533 2525 704 2558 solutione
730 2525 916 2564 defecerit,
940 2525 1010 2557 lata
1037 2525 1211 2558 sententia

363 2583 503 2610 tenetur
525 2579 694 2611 astrictus.
741 2578 793 2611 Ita
817 2579 911 2621 quod
927 2584 1007 2621 post
1028 2578 1212 2610 terminum

366 2631 530 2673 elapsum,
542 2632 571 2664 si
588 2642 651 2674 per
667 2632 915 2665 testimoniales
930 2632 1065 2665 illorum
1080 2631 1213 2664 litteras

366 2685 425 2727 qui
447 2695 510 2726 pro
533 2695 627 2728 rege,
644 2686 845 2727 patriarcha
860 2691 895 2718 et
911 2685 1076 2729 magistro
1092 2684 1212 2718 domus
1275 2689 1315 2722 45

366 2737 638 2770 Alamannorum
662 2739 707 2771 ad
730 2738 969 2780 recipiendam
992 2739 1127 2771 statutis
1143 2745 1212 2770 ter-

367 2791 466 2823 minis
488 2791 599 2834 ipsam
623 2793 809 2834 pecuniam
832 2797 1037 2830 statuentur,
1061 2791 1211 2825 ecclesie

455 2932 480 2956 9.
502 2926 631 2950 forsitam
651 2925 747 2951 Gau».
766 2939 799 2944 —
818 2933 860 2959 ²3·
881 2925 1030 2959 reglminis
1044 2926 1108 2951 Cod.
1123 2939 1155 2943 —
1168 2932 1211 2958 33.

371 2970 400 2993 in
421 2976 503 3000 quam
523 2969 619 2994 GAuu.
