2320 3444
168 320 184 337 “
196 318 303 362 gandi
314 325 522 362 potestatem
534 320 679 354 liberam
691 321 926 365 indulgemus,
939 323 1007 355 hoc

168 372 353 406 “adhibito
388 373 639 412 moderamine,
661 380 699 407 ut
729 385 870 408 crucem
893 375 1007 408 nullus

169 427 184 443 ³
196 426 379 470 religiosus
399 433 548 460 assumat
570 426 701 470 absque
725 434 844 461 nostra
864 428 1006 461 licentia

167 480 182 497 ⁸
194 479 348 521 speciali.
383 479 420 512 Si
436 479 494 523 qui
509 490 594 512 uero
610 480 728 512 clerici
744 485 803 513 aut
816 481 909 525 layci
923 487 1006 514 uoto

166 533 182 550 “
195 531 337 565 alterius
362 533 654 576 peregrinationis
677 533 810 566 astricti
832 533 1007 567 noluerint

167 587 258 628 “pro
285 586 397 618 Terre
427 591 544 618 sancte
568 585 723 618 subsidio
755 596 928 619 assumere
959 587 1005 619 si-

164 639 298 681 “gnum
322 640 446 678 crucis,
474 640 698 673 concedimus
720 645 758 672 ut
789 649 864 671 cum
890 640 1005 672 consi-

166 694 181 710 “
193 693 252 730 lio,
282 693 487 726 auctoritate
524 692 735 735 prelatorum
773 702 912 724 suorum
943 703 1004 725 seu

165 747 181 764 ‘⁶
193 746 450 789 predicatorum
467 745 582 778 crucis
604 752 720 777 uotum
736 746 848 787 ipsum
865 745 1005 778 valeant

164 801 259 832 ‘nec
291 810 360 831 non
390 798 673 843 peregrinatione
706 798 1003 830 lherosolimitane

165 853 347 885 “laborem
369 859 578 896 permutare,
602 851 669 884 illis
699 852 878 884 dumtaxat
900 863 1003 884 exce-

164 908 179 924 “
192 907 270 949 ptis,
287 907 347 950 qui
358 912 475 939 uotum
490 905 738 948 proficiscendi
754 910 876 937 contra
899 905 1001 937 here-

164 961 180 977 “
192 960 280 993 ticos
316 960 373 992 uel
410 959 570 992 nationes
608 958 773 991 barbaras
805 958 1000 991 emiserunt.

163 1014 178 1031 ‘⁴
192 1013 284 1052 Quia
314 1022 400 1045 uero
426 1011 585 1044 nonnulli
618 1017 827 1054 assumptam
859 1021 1000 1044 crucem

48 1106 51 1107 ⁷
163 1067 178 1084 “
189 1066 420 1108 a[u]ctoritate
435 1064 576 1107 propria
599 1064 801 1107 deposuisse
825 1065 1000 1104 dicuntur,

75 1117 417 1162 ⁶·'⁴¹·“precipimus'
440 1123 478 1151 ut
506 1128 570 1161 per
599 1117 805 1151 diocesanos
835 1128 916 1151 suos
938 1129 1000 1150 seu

161 1176 176 1192 ‘⁶
188 1182 253 1217 per
282 1173 396 1206 crucis
429 1172 671 1214 predicatores
708 1182 784 1204 eam
824 1181 999 1205 resumere

160 1229 175 1246 ⁸
188 1226 452 1269 compellantur.
497 1224 669 1258 Uolumus
691 1225 795 1258 etiam
809 1231 847 1258 ut
869 1225 922 1258 illi
938 1225 998 1268 qui

156 1281 172 1298 “
187 1281 348 1314 detinent
366 1279 480 1313 oblata
495 1290 556 1312 seu
579 1279 696 1323 legata
717 1278 871 1311 subsidio
886 1279 998 1311 Terre

159 1336 174 1353 “
187 1340 306 1368 sancte
323 1343 365 1367 ea
379 1334 446 1367 hiis
459 1333 520 1377 qui
534 1340 733 1367 truncorum
747 1333 905 1366 custodie
922 1334 999 1366 fue-

157 1390 172 1407 “
185 1389 256 1422 rint
271 1388 428 1431 deputati
451 1398 515 1430 per
537 1388 694 1420 locorum
711 1387 920 1420 diocesanos
934 1387 997 1420 sub

157 1443 172 1460 “
184 1442 380 1475 testimonio
396 1441 657 1485 predicatorum
681 1440 797 1473 crucis
819 1440 997 1484 assignare

154 1497 170 1514 ⁸
185 1503 354 1540 cogantur
379 1497 425 1529 ad
452 1506 540 1539 opus
567 1496 676 1538 ipsius
710 1495 822 1528 Terre
847 1494 996 1527 fideliter

155 1551 171 1568 “
180 1550 432 1584 conseruanda·
476 1549 664 1583 Monemus
678 1548 783 1592 igitur
798 1548 998 1581 fraternita-

156 1605 253 1637 “tem
276 1609 426 1637 uestram
449 1609 485 1637 et
507 1604 687 1636 hortamur
709 1602 746 1634 in
762 1602 902 1635 nomine
918 1601 996 1635 Iesu

153 1659 168 1676 ⁸
183 1656 313 1691 Christi
328 1668 390 1700 per
404 1657 600 1700 apostolica
614 1656 746 1699 scripta
759 1656 902 1689 firmiter
916 1666 996 1699 pre-

154 1714 170 1731 ⁸
184 1712 348 1756 cipiendo
365 1713 580 1753 mandantes,
597 1716 769 1754 quatenus
783 1709 922 1752 populis
934 1719 995 1742 uo-

155 1764 238 1799 “bis
263 1765 410 1799 subditis
432 1764 620 1808 diligenter
639 1769 855 1806 exponentes
877 1763 994 1796 omnia

153 1819 384 1862 “supradicta
406 1828 536 1862 eosque
561 1817 606 1851 ad
628 1816 903 1861 impendendum
926 1817 992 1859 ipsi

153 1872 170 1888 ¹⁶
180 1869 291 1903 Terre
306 1875 428 1903 sancte
444 1870 479 1902 in
491 1869 649 1912 personis
664 1869 836 1911 rebusque
851 1878 994 1900 succur-

153 1923 168 1939 '‘
179 1931 254 1954 sum
278 1921 426 1955 termino
449 1921 649 1964 supradicto
665 1921 794 1954 sedulis
808 1922 993 1955 exortatio-

153 1975 282 2009 “nibus
303 1975 508 2014 animantes,
530 1984 573 2007 ac
596 1974 632 2007 in
661 1975 806 2020 singulis
835 1975 993 2008 articulis

152 2030 167 2047 ‘⁶
179 2027 387 2072 supradictis
404 2033 631 2072 exequentes,
642 2027 769 2072 singuli
785 2039 852 2073 que
866 2030 912 2062 ad
925 2029 993 2062 sol-

152 2082 398 2115 “licitudinem
430 2088 583 2115 uestram
617 2083 784 2117 noueritis
816 2083 991 2126 pertinere

150 2138 166 2155 ⁴⁶
180 2136 363 2179 crucisque
386 2137 666 2180 predicatoribus
691 2149 712 2170 a
742 2138 825 2171 sede
853 2143 993 2180 aposto-

149 2189 163 2206 ⁸
179 2189 247 2223 lica
271 2190 445 2233 deputatis
467 2191 624 2224 fauorem
648 2214 989 2224 .......

148 2243 163 2259 “
178 2266 945 2278 ΟΟΟΟΟΟΟΟΟΟΟΟΟΟΟ
958 2268 989 2286 „0

232 2349 483 2393 [MCCXXVI]
484 2374 989 2385 ..........

27 2453 29 2477 3
62 2477 144 2498 ωομ
231 2457 337 2491 Felici
362 2458 476 2490 omine
494 2458 693 2501 Piscara[m]
709 2459 806 2492 uadit
834 2466 869 2493 et
891 2459 988 2492 exin—

142 2511 187 2544 de
203 2511 238 2544 in
250 2511 424 2544 anteriora
436 2512 633 2554 procedens
649 2518 683 2545 et
699 2512 736 2544 in
753 2513 883 2546 ducatu
899 2513 988 2556 Spo-

24 2564 29 2597 s
60 2563 201 2605 amicti
223 2564 444 2607 perueniens,
469 2575 533 2607 per
562 2565 716 2608 singulas
750 2565 926 2600 ciuitates'
951 2572 986 2599 et

25 2616 27 2618 ’
141 2624 254 2651 castra
276 2629 355 2651 suas
378 2618 512 2651 litteras
535 2625 570 2652 et
593 2619 729 2652 nuntios
752 2619 884 2664 dirigit,
910 2620 987 2663 qui-

139 2670 204 2704 bus
225 2671 351 2705 milites
381 2679 415 2706 et
449 2673 642 2706 seruientes
674 2673 839 2708 sollicitat
871 2679 909 2707 ut
940 2675 985 2706 ad

139 2724 419 2767 expedictionem
442 2726 587 2759 ueniant
610 2727 643 2758 in
668 2727 915 2760 Lombardiam
931 2738 983 2759 se-

229 2831 270 2850 10.
290 2832 328 2850 nn
351 2826 429 2855 Cod.;
450 2827 480 2850 in
501 2826 744 2859 peregrinationis
762 2824 822 2859 (sic)
841 2826 937 2852 GAun.
950 2841 983 2846 -

142 2876 181 2894 ιι.
207 2869 335 2894 laborem
360 2870 475 2895 valeant
495 2871 560 2895 Cod.
581 2883 590 2888 -
609 2871 675 2895 dum
694 2872 784 2896 tassst
805 2870 868 2896 Cod.
889 2884 920 2889 —
940 2871 983 2904 36.

139 2914 206 2946 dopo
224 2922 256 2939 12
275 2922 317 2940 rr.
329 2919 421 2947 questa
433 2919 512 2941 carta
524 2915 622 2948 finisce
642 2923 688 2940 con
709 2915 846 2948 savorem,
867 2916 930 2942 Cod.
950 2929 983 2934 —

139 2965 182 2991 4ο.
201 2958 329 2984 Piscaria
351 2958 423 2989 Cod„
443 2958 541 2984 GAun.

1092 537 1109 568 5

1069 803 1108 834 10

1068 1067 1105 1100 15

1060 1337 1103 1368 20

1058 1602 1100 1636 25

1055 1871 1099 1903 30

1053 2138 1094 2171 35

1051 2463 1092 2494 40

1049 2730 1088 2763 45

167 192 252 229 [ΑΛ.
272 194 467 228 1225-12261
951 191 1227 228 CHRONICA
1937 192 2008 227 135
2060 203 2135 227 Mun„

1237 2353 1474 2387 MCCXXVI.
1500 2354 1621 2386 Mense
1638 2353 1787 2385 Ianuarii
1805 2352 1995 2393 H[onorius

1147 2418 1240 2450 papa
1262 2407 1455 2440 Oliverium
1480 2407 1618 2439 natione
1632 2431 1640 2439 .
1655 2431 1663 2439 .
1676 2430 1685 2439 .
1699 2431 1708 2439 .
1737 2406 1782 2438 ad
1812 2406 1994 2438 ecclesiam

1146 2461 1256 2494 sancti
1273 2460 1449 2493 Uincentii
1466 2468 1677 2503 assumptum
1693 2460 1840 2492 electum
1858 2458 1914 2500 ad]
1928 2458 1994 2490 Im-

1146 2520 1342 2558 peratorem
1366 2515 1403 2547 in
1427 2514 1555 2557 Apulia
1578 2514 1690 2547 mittit.

1236 2567 1442 2611 [Imperator
1466 2569 1539 2610 ipse
1564 2567 1749 2600 baronibus
1773 2572 1807 2598 et
1830 2566 1994 2598 militibus

1145 2622 1348 2664 infeudatis]
1365 2621 1490 2654 ceteris
1504 2621 1657 2658 mandat,
1680 2627 1717 2652 ut
1733 2630 1849 2652 omnes
1864 2630 1899 2651 se
1916 2630 1995 2661 pre-

1145 2674 1276 2718 parent'
1300 2675 1345 2707 ad
1368 2675 1518 2707 eundum
1541 2684 1658 2706 secum
1683 2674 1718 2704 in
1735 2672 1992 2709 Lombarfflam,

1146 2734 1181 2761 et
1211 2735 1248 2760 ut
1280 2739 1399 2761 omnes
1431 2727 1523 2770 apud
1555 2727 1744 2764 Piscaram,
1775 2726 1835 2758 ubi
1867 2731 1992 2758 octauo

1234 2828 1326 2860 38-40.
1345 2827 1489 2851 Honorius
1500 2842 1507 2850 .
1518 2843 1524 2850 .
1537 2844 1560 2849 ..
1581 2825 1700 2849 electum
1720 2824 1754 2848 ad
1768 2826 1836 2848 lesse
1850 2824 1944 2848 Pam-z
1959 2837 1991 2841 —

1147 2879 1237 2905 42-43.
1255 2872 1450 2905 Imperator..
1463 2886 1487 2895 ..
1508 2870 1665 2896 infeudatis
1686 2870 1752 2893 Iesse
1774 2869 1869 2893 psarz
1884 2886 1888 2887 γ

2150 209 2171 224 C*
2186 209 2225 228 999
