2320 3444
1919 229 1989 266 189
2003 241 2079 267 Mus.¹
2094 247 2127 261 cc.
2145 246 2231 266 ¹⁰³4¹35

149 237 233 274 [ΑΛ.
254 237 451 274 1234-12351
928 230 1207 268 CHRONICA

2017 360 2145 384 Imperator
2172 361 2194 380 R
2201 366 2215 380 a
2222 371 2231 377 -

2043 388 2184 411 spanpanum
2195 388 2231 407 ob-

2044 414 2110 437 sidet,

236 364 283 398 Et
305 371 388 398 tunc
412 371 497 407 aput
523 365 799 407 Raspanpanum
818 363 840 402 ¹,
863 364 959 407 quod
982 363 1134 396 Romani
1158 363 1410 402 custodiebant,
1434 362 1651 395 obsidionem
1674 362 1773 404 ponit
1805 361 1848 393 de
1880 361 1993 394 cardi-

147 418 239 451 nalis
262 419 406 451 consilio
431 418 641 461 Imperator;
667 417 726 450 ubi
750 427 814 460 per
836 416 923 450 duos
946 427 1082 449 menses
1105 416 1240 449 faciens
1263 427 1393 449 moram
1417 427 1495 448 cum
1520 416 1555 448 in
1580 414 1754 458 capiendo
1778 421 1892 447 castro
1916 415 1993 457 ipso

147 481 219 504 non
242 471 441 513 proficeret,
463 481 581 504 mense
607 470 818 513 Septembris
841 471 878 502 in
901 470 1066 513 Regnum
1090 479 1247 502 reuersus
1271 475 1323 503 est
1338 470 1548 512 Imperator.

237 524 310 557 Illis
336 524 458 557 diebus
482 525 564 557 dum
587 525 780 567 Imperator
804 529 894 556 esset
909 523 1034 561 Reate,
1058 523 1199 566 quidam
1216 522 1402 555 Gualterus
1417 523 1461 555 de
1478 522 1613 555 Aversa
1628 522 1776 555 credens
1791 521 1994 564 Imperatori

105 577 124 610 5
147 577 300 620 placere,
321 579 490 611 infestare
513 578 607 620 cepit
629 587 688 610 eos
710 577 769 620 qui
792 577 829 609 in
853 576 969 610 odium
993 577 1216 619 Imperatoris
1239 576 1387 609 ecclesie
1411 576 1637 614 adheseraut3
1661 582 1806 618 propter
1828 576 1922 618 quod
1946 575 1992 607 ad

146 641 239 674 pape
262 631 417 670 uerbum,
441 632 521 674 quia
545 637 695 663 castrum
719 631 848 664 Sancte
872 629 985 662 Marie
1009 630 1053 662 de
1077 630 1226 670 Oliveto,
1250 630 1343 672 quod
1361 628 1560 672 Roggerius
1577 629 1621 660 de
1646 627 1828 661 Galluccio
1852 628 1994 661 tenebat

144 685 203 727 qui
227 685 263 716 in
287 691 420 727 partem
445 685 593 718 ecclesie
618 690 780 723 cesserat,
802 683 876 726 ipse
899 682 1085 715 Gualterus
1110 689 1261 725 ceperat,
1283 683 1359 725 ipso
1383 682 1596 725 Imperatore
1620 682 1806 714 mandante
1829 692 1894 724 per
1915 681 1994 713 Ma-

146 738 291 781 gistrum
316 738 538 771 iustitiarium
562 745 683 780 captus
706 743 758 769 est
782 744 815 769 et
838 736 996 769 custodie
1020 736 1190 773 traditus;
1215 747 1317 779 quem
1342 742 1457 768 tamen
1481 736 1526 768 ad
1543 745 1666 778 preces
1689 735 1841 768 Odorisii
1859 735 1994 767 abbatis

30 825 31 828 ,
144 791 258 824 sancti
280 790 461 824 Uincentii
485 791 646 823 liberauit
658 790 681 823 ².
721 791 916 832 Imperator
931 790 966 821 in
983 789 1147 832 Regnum
1164 790 1314 827 rediens,
1331 789 1460 821 casalia
1476 790 1625 832 quedam
1642 788 1769 831 Apulie
1786 788 1992 831 depopulari

28 832 29 837 ¹
81 845 121 877 10
143 843 250 877 iubet:
276 845 392 877 casale
415 844 635 877 Castellionis
649 844 695 876 ad
710 843 899 876 Casinense
923 842 1168 875 monasterium
1186 843 1365 885 pertinens
1381 842 1490 884 recipi
1514 842 1665 880 mandat,
1689 848 1724 875 et
1745 842 1930 875 inhabitari
1945 842 1992 874 ad

147 907 235 940 opus
258 908 356 930 suum
369 896 392 930 ⁸.

234 951 354 984 Mense
379 951 595 994 Septembris
618 951 769 983 studium
793 950 887 993 quod
911 949 1072 993 Neapoly
1095 960 1159 992 per
1175 950 1423 992 Imperatorem
1446 955 1609 981 statutum
1627 950 1753 990 fuerat,
1770 951 1864 993 quod
1880 950 1991 982 extitit

145 1005 344 1038 turbatione
366 1005 459 1038 inter
480 1004 665 1038 ecclesiam
692 1009 727 1036 et
748 1003 930 1046 imperium
947 1002 1133 1036 subsecuta
1156 1003 1293 1045 penitus
1316 1002 1531 1044 dissolutum,
1549 1013 1611 1044 per
1628 1003 1880 1045 Imperatorem
1897 1005 1991 1037 Nea-

147 1058 234 1102 poly
256 1057 467 1091 reformatur
480 1057 503 1091 ⁴.

83 1111 122 1144 15
235 1111 386 1144 Romani
410 1111 524 1144 statim
547 1116 625 1153 post
648 1110 839 1143 discessum
865 1109 1090 1152 Imperatoris
1114 1120 1133 1142 a
1156 1110 1408 1152 Raspaupano,
1432 1120 1510 1142 cum
1533 1110 1603 1142 suis
1626 1109 1759 1142 uiribus
1785 1111 1991 1153 Raspanpa—

143 1175 224 1197 num
249 1164 407 1197 muniunt
429 1164 538 1197 uictui
563 1163 781 1202 necessariis,
806 1170 841 1195 et
863 1162 1098 1205 procedentes
1121 1162 1214 1201 inde,
1246 1174 1352 1205 super
1382 1162 1580 1196 Uiterbium
1603 1163 1736 1195 uadunt
1768 1164 1881 1196 minus
1912 1175 1993 1206 pro-

141 1217 223 1250 uide
247 1218 445 1260 equitantes
467 1228 576 1260 usque
600 1218 646 1250 ad
670 1222 790 1259 portas
814 1216 980 1254 ciuitatis;
1006 1222 1149 1258 propter
1172 1216 1268 1259 quod
1291 1217 1386 1258 ipsos
1410 1216 1444 1247 in
1467 1216 1584 1248 reditu
1611 1215 1774 1258 penituit'
1806 1217 1989 1260 equitasse.
2083 1229 2164 1248 c-sor

147 1271 236 1304 Nam
260 1270 447 1313 intercepti
471 1281 492 1303 a
515 1270 722 1303 Teutonicis
752 1269 920 1302 militibus
950 1275 986 1302 et
1015 1269 1212 1302 hominibus
1243 1269 1396 1302 ciuitatis
1426 1269 1544 1312 ipsius,
1576 1270 1672 1302 multi
1698 1280 1740 1302 ex
1764 1271 1848 1313 ipsis
1871 1270 1906 1302 in
1930 1281 1989 1302 ore

140 1324 250 1368 gladii
274 1324 491 1362 ceciderunt,
516 1330 551 1356 et
573 1324 672 1357 multi
696 1324 731 1355 in
756 1323 954 1366 captionem
977 1329 1055 1355 sunt
1077 1322 1187 1361 ducti,
1210 1323 1295 1365 ipsis
1312 1323 1558 1355 nichilominus
1581 1329 1720 1356 strenue
1736 1334 1772 1356 se
1797 1324 1995 1357 defenden-

79 1379 122 1411 20
145 1378 238 1411 tibus
260 1383 382 1410 contra
404 1378 483 1410 illos
506 1384 541 1410 et
564 1377 748 1410 nonnullos
771 1378 815 1409 de
839 1377 1068 1410 nobilioribus
1091 1377 1301 1410 Teutonicis
1323 1376 1588 1419 trucidantibus,
1605 1387 1683 1409 cum
1701 1388 1760 1410 eos
1785 1378 1917 1410 nollent
1939 1389 1994 1410 re-

143 1441 283 1464 seruare
307 1431 353 1464 ad
376 1431 497 1464 uitam.

237 1484 315 1517 Hoc
338 1495 440 1522 anno,
464 1484 558 1528 quod
582 1483 755 1516 Hem-icus
776 1494 839 1516 rex
863 1490 983 1516 contra
1007 1483 1256 1526 Imperatorem
1273 1490 1408 1527 patrem
1431 1495 1529 1516 suum
1554 1484 1761 1517 seditionem
1778 1485 1814 1516 in
1829 1484 1994 1517 Aleman-

147 1538 206 1571 nia
230 1538 367 1578 fecerit,
390 1538 484 1570 fama
506 1538 584 1570 fuit.

2015 949 2041 969 [n
2060 949 2163 974 Neapoly
2184 952 2230 970 stu-

2041 976 2103 1023 ξιξιὲηι
2117 976 2231 1001 reforma-

228 1653 526 1688 M⁰CC⁰XXXV⁰.
569 1652 693 1686 Mense
716 1654 867 1686 Ianuarii
889 1654 1084 1697 Imperator
1106 1655 1307 1698 generalem
1331 1654 1514 1687 collectam
1539 1654 1601 1687 toti
1627 1655 1753 1698 Regno
1777 1655 1936 1698 imponit,
1962 1662 1996 1688 et

77 1706 120 1741 25
143 1713 228 1740 tunc
252 1708 402 1741 collecte
426 1708 567 1740 fuerunt
590 1707 635 1740 de
659 1713 753 1740 terra
774 1708 972 1740 monasterii
996 1707 1097 1740 uncie
1114 1717 1202 1741 cccc
1225 1718 1290 1750 pro
1313 1708 1522 1740 adoamento
1539 1719 1600 1751 per
1618 1708 1834 1751 Stephanum
1859 1708 1904 1742 de
1921 1709 1994 1742 An-

145 1761 252 1805 gloue
276 1761 495 1794 iustitiarium
518 1761 631 1793 Terre
654 1759 812 1800 Laboris,
835 1766 870 1794 et
891 1771 956 1803 pro
979 1766 1097 1793 mutuo
1120 1761 1224 1793 uncie
1248 1770 1290 1793 cc
1304 1760 1325 1793 ⁶.

235 1813 359 1848 Mense
384 1814 566 1848 Februarii
589 1815 832 1857 inquisitiones
854 1815 941 1847 fiunt
962 1825 1025 1857 per
1048 1821 1156 1847 totum
1180 1815 1344 1859 Regnum
1367 1814 1412 1847 de
1435 1815 1636 1849 hominibus
1659 1816 1823 1855 demanii,
1848 1827 1934 1859 quos
1957 1817 1992 1849 in

145 1868 231 1902 locis
253 1869 392 1902 statutis
416 1868 583 1902 transfert
598 1868 793 1911 Imperator
816 1879 892 1900 curn
914 1868 1056 1900 familiis
1079 1869 1162 1906 suis;
1187 1873 1332 1911 propter
1356 1869 1450 1912 quod
1473 1869 1517 1901 de
1541 1867 1672 1902 Sancto
1696 1870 1870 1902 Germano
1896 1876 1930 1903 et
1947 1871 1990 1903 de

234 2035 259 2061 9.
279 2028 428 2062 depoplarl
450 2029 513 2054 Cod.
532 2042 565 2047 —
587 2035 628 2053 12.
648 2028 745 2053 Mense
763 2028 945 2062 Septembris,
963 2029 1058 2053 scritto
1078 2030 1107 2053 al
1125 2028 1252 2060 margine
1270 2036 1317 2053 con
1335 2029 1465 2054 richiamo
1485 2029 1560 2061 eod„
1579 2038 1672 2054 manca
1692 2030 1769 2055 Usu.
1789 2039 1803 2054 e
1821 2030 1885 2054 Dan
1903 2030 1948 2055 Ra
1961 2043 1993 2048 —

147 2084 181 2090 —
203 2078 242 2103 13.
262 2073 357 2096 secuta
375 2079 425 2096 non
443 2071 594 2096 subsecuta
612 2070 697 2100 Uou..
715 2071 780 2096 Dat
799 2071 851 2100 Ra,
870 2070 968 2095 Panrz
987 2080 1001 2095 ε
1020 2069 1117 2095 Gau».
1141 2085 1168 2090 —
1194 2070 1233 2096 16.
1255 2071 1475 2104 procedentibus
1494 2071 1570 2096 Usu.
1591 2081 1605 2096 e
1623 2072 1688 2096 Dar.
1706 2072 1749 2096 Ru
1770 2085 1800 2090 ——
1825 2079 1865 2104 ¹9·
1886 2073 1993 2097 nihilo-

146 2115 241 2138 minus
260 2113 346 2143 Uen„
366 2113 429 2138 Dar.
447 2114 498 2145 Ra,
519 2113 617 2138 varz
637 2122 650 2138 e
669 2113 766 2138 Gauo.
785 2127 817 2131 —-
838 2118 881 2144 25.
900 2114 1086 2138 adoramento
1104 2112 1184 2146 (sicl)
1205 2113 1281 2138 Uos.
1300 2127 1333 2131 —
1348 2113 1390 2138 26.
1411 2115 1468 2139 Nel
1484 2115 1609 2146 margine
1629 2118 1733 2139 esterno
1746 2115 1771 2139 si
1782 2116 1868 2147 legge
1880 2121 1994 2139 cccccc.

149 2157 222 2188 Cod.,
239 2156 295 2181 cio)
313 2157 342 2181 Ia
359 2164 458 2181 somma
477 2157 567 2181 intera
587 2159 675 2181 esatta
694 2157 785 2181 allora
805 2156 831 2180 in
850 2157 940 2188 quella
959 2156 1073 2189 regione

101 2270 115 2296 5
233 2261 241 2279 ¹
263 2265 482 2295 Raspampanum
501 2264 536 2289 ad
556 2263 704 2289 occidente
717 2264 747 2289 cu
761 2264 890 2289 viterbo.
922 2263 1037 2288 Federi-
1180 2253 1202 2287 1⁸⁴:
1221 2263 1292 2288 bene
1311 2264 1456 2289 rlcordare
1475 2264 1525 2289 che
1539 2264 1561 2288 il
1577 2270 1590 2296 5
1609 2264 1658 2294 IX,
1681 2271 1748 2297 1²34
1768 2265 1789 2289 ll
1804 2272 1877 2297 papa
1890 2266 1991 2290 scrisse

143 2314 176 2331 co
194 2306 222 2331 11
241 2305 356 2331 “venne
373 2307 409 2331 ad
429 2306 548 2331 Vlterbo
561 2308 589 2332 et
602 2314 670 2339 pose
684 2314 784 2339 campo
798 2307 833 2332 ad
846 2307 1036 2340 Rlspampani
1093 2306 1121 2330 ai
1141 2307 1251 2331 dottori
1272 2314 1286 2330 e
1306 2306 1364 2338 agli
1386 2307 1491 2331 scolari
1512 2307 1586 2332 delle
1609 2306 1770 2332 unIversita
1795 2308 1826 2332 dl
1852 2307 1950 2340 Parigi
1977 2316 1991 2332 e
2020 2310 2051 2336 ²5

145 2346 289 2371 “insieme
306 2353 360 2371 con
379 2346 522 2372 Vlterbesi
542 2355 557 2371 e
570 2347 597 2372 fe
611 2354 722 2372 cascare
734 2347 822 2372 molte
835 2348 937 2381 ripe„;
960 2348 1037 2372 Cron.
1093 2348 1226 2381 Bologna
1244 2347 1345 2382 perche
1366 2350 1373 2372 i
1394 2350 1483 2373 nuovi
1504 2350 1641 2375 decretali
1655 2349 1766 2374 sossero
1779 2351 1856 2374 usati
1872 2352 1915 2374 nei
1930 2351 1992 2381 giu-

142 2389 174 2414 aa·
198 2389 312 2418 Viterbo,
333 2390 362 2413 in
388 2389 552 2415 anlclaxo
572 2389 666 2418 Bussx.
693 2390 793 2414 Reoria
818 2390 893 2414 della
918 2389 984 2415 citt&
1011 2391 1041 2414 di
1093 2390 1150 2415 dizi
1172 2399 1186 2415 e
1206 2391 1280 2415 nelle
1300 2392 1412 2422 scuole3
1438 2391 1605 2424 Formas-r,
1627 2400 1673 2416 nn.
1695 2392 1764 2425 9693
1787 2400 1802 2417 e
1820 2392 1898 2425 9694.
1937 2391 1991 2417 Gla

149 2431 263 2462 Vu'terbo,
281 2431 380 2460 Roma.
402 2437 478 2465 1742,
498 2432 549 2456 cit.
569 2432 658 2456 anche
676 2431 708 2456 ln
727 2431 863 2461 Beuum,
883 2440 910 2457 n.
937 2431 1005 2464 2058
1015 2433 1038 2457 b.
1092 2435 1184 2467 prima
1209 2432 1278 2466 pero
1304 2433 1417 2458 Onorio
1443 2434 1482 2458 111
1510 2442 1564 2459 con
1591 2435 1671 2460 bolla
1699 2436 1743 2460 del
1775 2442 1805 2459 22
1837 2435 1884 2464 XI,
1916 2441 1991 2467 1²¹9·

85 2483 118 2502 ιο
142 2473 212 2499 Pare
231 2474 282 2498 che
300 2474 435 2499 Federlco
454 2474 498 2498 sla
522 2474 639 2499 tornato
661 2474 708 2498 nel
726 2482 815 2507 regno
834 2482 917 2500 verso
937 2475 965 2499 la
983 2474 1040 2499 fine
1095 2476 1208 2509 “Super
1226 2476 1370 2508 speculam
1382 2495 1406 2508 ‚„
1426 2484 1516 2502 aveva
1535 2477 1692 2502 intel-detto
1712 2475 1948 2502 nell‘Universlta
1962 2477 1990 2501 di

143 2516 174 2541 dt
193 2517 351 2541 settembre.
1091 2518 1189 2551 Parigl
1218 2519 1459 2551 l'lnsegnamento
1489 2519 1534 2544 del
1562 2520 1666 2545 diritto
1696 2527 1824 2550 romano,
1851 2519 1934 2551 “qua
1959 2521 1991 2544 ln
2019 2525 2054 2550 30

231 2556 243 2574 ¹
261 2557 395 2583 Oderlsio
413 2557 428 2583 ὲ
440 2558 476 2583 ad
490 2558 665 2584 identificare
677 2566 730 2583 con
745 2559 899 2584 Oddorlno
909 2559 943 2592 (?)
957 2559 1039 2584 abate
1095 2561 1108 2575 ⁴‘
1119 2561 1240 2586 Francia
1259 2562 1288 2586 et
1308 2562 1460 2586 nonnullis
1473 2563 1635 2594 provinciis
1650 2563 1719 2587 laicl
1732 2563 1928 2587 Romanorum
1942 2562 1992 2586 im-

143 2600 171 2625 <11
191 2599 220 2626 S.
233 2600 379 2626 Vlncenzo
393 2601 420 2626 al
434 2601 594 2632 Volturnm
609 2601 645 2626 cf.
659 2601 888 2632 WnffxELMAtm’,
901 2602 921 2634 Ι,
938 2610 964 2627 n.
979 2601 1039 2631 821,
1095 2603 1108 2617 ⁰
1119 2605 1299 2638 pcratoribus
1324 2604 1436 2636 legibus
1463 2612 1521 2629 non
1549 2606 1669 2630 utuntur
1695 2607 1723 2630 et
1752 2607 1907 2629 occurrunt
1928 2612 1992 2629 raro

144 2650 171 2675 p.
190 2643 252 2676 637.
1095 2647 1313 2671 “ecclesiastice
1332 2654 1414 2671 cause
1435 2646 1516 2675 tales.
1535 2655 1588 2679 que
1610 2655 1667 2671 non
1688 2648 1802 2680 possint
1817 2649 1934 2672 statutis
1948 2655 1992 2671 ca-

86 2691 116 2718 15
232 2684 243 2702 ³
262 2686 287 2711 11
309 2687 458 2712 territorio
484 2687 513 2711 di
539 2686 723 2719 Castigllone
747 2685 762 2711 ὲ
787 2687 932 2712 ricordato
960 2695 1038 2712 come
1094 2688 1108 2702 “
1121 2690 1235 2714 nonlcis
1254 2689 1392 2722 expediri.
1405 2707 1410 2713 .
1423 2706 1430 2715 .
1441 2706 1448 2714 .
1459 2707 1472 2720 ,‚
1484 2699 1490 2718 ;
1504 2689 1671 2718 Porrimsr,
1685 2697 1711 2714 n.
1726 2689 1810 2722 6165;
1825 2690 1991 2718 Founmim,

142 2729 349 2760 appartenente
367 2737 382 2754 a
402 2729 627 2760 MontemssIno,
639 2735 655 2752 a
669 2729 820 2761 proposito
835 2729 910 2755 della
923 2731 1039 2755 restitu-
1093 2732 1229 2764 L‘Eglise
1248 2735 1275 2756 et
1292 2733 1317 2756 le
1337 2732 1412 2756 droit
1424 2732 1528 2756 romain
1542 2741 1576 2756 au
1591 2733 1659 2756 XII
1671 2733 1763 2761 siecle,
1784 2733 1813 2756 in
1834 2732 1910 2756 Nou
1921 2732 1989 2756 vel·
2019 2735 2052 2761 35

142 2771 224 2795 :ione
243 2770 311 2796 d'un
337 2774 403 2797 orto
428 2772 652 2804 ingiustamente
679 2773 819 2805 occupato
845 2771 881 2796 da
905 2771 1038 2804 Ruggero
1093 2775 1124 2799 le
1153 2774 1273 2799 Revue
1302 2774 1518 2806 historique
1549 2774 1591 2799 de
1623 2775 1726 2799 droit
1760 2775 1926 2808 (rancais
1957 2776 1991 2799 et

143 2812 299 2843 Sculllone.
318 2815 443 2839 secondo
462 2822 518 2839 una
534 2814 635 2839 “carta
650 2814 796 2846 iudicati„
813 2814 858 2839 del
872 2822 938 2840 nov.
957 2821 1037 2847 [2233
1093 2816 1280 2850 etranger‚
1301 2817 1374 2848 XIV,
1397 2825 1422 2850 p.
1443 2816 1478 2841 80
1498 2817 1573 2841 colla
1593 2817 1659 2842 data
1684 2816 1715 2842 16
1737 2825 1804 2842 noir.
1828 2824 1901 2849 ¹2¹9·

147 2856 267 2888 Regesto
285 2856 316 2880 di
332 2856 486 2881 TouMASO
505 2858 623 2886 Damno,
643 2864 670 2889 p.
690 2861 723 2888 54
742 2864 757 2881 e
774 2864 815 2888 sg⁴
1182 2857 1192 2873 ⁶
1212 2860 1254 2884 Da
1275 2859 1456 2891 quest’anno,
1477 2866 1558 2883 come
1579 2859 1607 2883 fu
1629 2859 1719 2889 detto,
1738 2860 1765 2884 ls
1786 2863 1862 2885 tassa
1876 2867 1955 2894 prese
1969 2860 1989 2884 ll

85 2906 120 2924 20
233 2896 245 2914 ⁴
263 2897 304 2923 La
322 2899 397 2924 lotta
416 2899 460 2924 fra
474 2899 583 2932 Papnto
599 2899 631 2923 ed
647 2899 758 2931 impero
771 2906 787 2923 e
799 2899 828 2924 di
843 2907 1039 2933 conseguenza
1094 2909 1177 2925 nome
1196 2901 1225 2925 di
1246 2901 1366 2925 colletta
1386 2901 1517 2932 generale
1537 2908 1551 2924 e
1570 2901 1594 2925 sl
1616 2900 1706 2933 ripet¹e
1726 2903 1795 2934 ogni
1811 2909 1896 2932 anno,
1910 2902 1991 2933 quasi

146 2941 190 2965 fra
210 2940 231 2964 ll
251 2940 353 2966 dirltto
371 2942 513 2968 canonico
532 2942 580 2966 eil
594 2941 699 2966 dlrltto
713 2949 841 2971 romano,
855 2942 886 2967 su
899 2942 930 2967 dl
944 2943 1038 2967 sicuro
1093 2943 1170 2968 fosse
1190 2951 1245 2967 una
1264 2945 1340 2968 tassa
1353 2943 1510 2968 tondum-ia.
1543 2933 1564 2966 ὲ
1579 2944 1713 2968 notevole
1726 2944 1776 2968 che
1791 2944 1813 2968 il
1828 2946 1990 2968 monastero
2020 2951 2053 2975 40

144 2982 173 3007 la
191 2990 276 3008 causa
295 2983 340 3008 del
360 2984 557 3009 decadimento
577 2983 654 3008 dello
674 2983 770 3008 studio
789 2984 820 3009 dl
839 2983 954 3018 Napon.
975 2985 1039 3009 fon-

145 3026 223 3056 dato,
242 3033 320 3050 come
338 3026 400 3051 dice
419 3026 461 3056 R„
482 3027 527 3051 nel
550 3033 625 3058 ¹2²4-

1092 2985 1167 3010 oltre
1187 2984 1216 3009 la
1235 2987 1311 3010 tassa
1334 2986 1412 3017 “pro
1432 2985 1650 3018 adohamento„
1672 2993 1706 3010 ne
1720 2985 1849 3019 anticipo
1870 2986 1991 3010 un'altra

1096 3034 1112 3052 a
1131 3027 1221 3052 titolo
1241 3028 1271 3052 di
1294 3029 1424 3060 prestito.
