2320 3444
351 341 366 358 ‘⁴
381 347 433 374 sto
446 342 490 374 ad
506 342 592 375 duos
606 352 715 375 annos
737 343 783 374 ad
806 341 917 374 Terre
942 346 1064 374 sancte
1080 341 1192 374 subsi-

353 397 368 413 “
382 395 488 432 dium,
512 395 678 436 a[u]ctore
702 395 848 426 Domino
861 400 1091 433 transeamus3
1109 405 1191 437 pro-

172 463 191 478 c.
208 463 270 482 mr
353 449 458 490 “pter
481 448 572 491 quod
595 447 683 480 una'
708 458 786 480 cum
817 447 1033 490 principibus
1064 447 1189 481 nostris

354 502 424 533 “ad
449 502 613 534 Sanctum
646 501 855 533 Germanum
880 500 916 532 in
940 499 1048 533 Curia
1069 507 1190 533 nostra

352 555 366 571 “
380 554 596 595 presentibus
642 553 915 586 deliberauimus
957 558 991 585 et
1030 554 1191 586 duximus
1276 556 1294 587 5

352 608 366 624 “
379 607 607 645 statuendum,
623 612 660 639 ut
675 607 788 649 primo
805 612 953 639 uenturo
971 607 1062 639 festo
1078 617 1191 639 resur-

350 659 542 691 “rectionis
571 659 754 693 Dominice
779 660 814 691 in
839 659 995 702 partibus
1023 660 1190 693 Lombar-

349 710 443 750 “die‚
471 711 636 745 uidelicet
665 713 700 744 in
732 713 873 746 ciuitate
911 713 1094 755 cremone,
1121 724 1191 757 que

349 767 363 782 “
378 766 504 798 deuota
526 765 671 807 imperio
694 772 745 798 est
762 772 796 798 et
810 767 857 799 ad
874 777 976 809 qnam
1000 766 1140 799 facilius
1156 772 1190 799 et

347 818 445 850 “sine
469 818 672 852 difficultate
695 819 827 851 itineris
843 819 1013 863 longioris
1035 819 1126 852 ultra
1142 820 1190 852 ci-
1256 823 1294 854 10

347 872 497 914 “traque
521 871 632 915 Alpes
654 872 829 906 constituti
861 878 1027 915 poterunt
1058 883 1188 906 conue-

347 925 460 963 “nire‚
484 925 678 968 ceterisque
701 925 875 958 Teutonie
900 933 935 959 et
966 926 1066 959 Italie
1088 926 1189 959 nobi-

345 977 463 1010 “libus
489 988 553 1020 pro
583 989 750 1011 succursu
774 986 809 1013 et
839 980 964 1013 itinere
994 986 1099 1019 terre,
1123 991 1187 1023 pro

346 1032 361 1048 ⁴⁴
374 1031 506 1063 honore
530 1042 667 1075 quoque
684 1039 720 1066 et
735 1034 984 1067 reformatione
999 1040 1107 1067 status
1122 1034 1189 1066 Im-

347 1085 361 1101 ‘
373 1084 462 1127 perii
477 1085 702 1127 sollempnem
721 1087 850 1119 curiam
867 1086 1150 1129 celeb[ra]remus
1165 1086 1186 1119 ¹.
1254 1090 1292 1122 15

346 1140 361 1156 ‘⁶
376 1136 601 1181 Quapropter
617 1145 731 1172 uestre
748 1140 941 1183 dignationi
957 1141 1186 1183 precipiendo

347 1190 578 1224 “mandamus
604 1192 831 1226 sollicitantes
861 1194 1044 1227 instantius
1069 1200 1104 1226 et
1134 1204 1186 1227 or-

346 1246 360 1262 “
374 1249 495 1287 tantes,
519 1251 690 1288 quatenus
713 1246 758 1279 ob
781 1247 1013 1280 reuerentiam
1043 1246 1187 1287 Christi,

346 1299 361 1314 “
375 1298 473 1330 cuius
495 1299 673 1342 negotium
697 1300 889 1342 spetialiter
919 1301 1034 1344 agitur
1058 1301 1095 1332 in
1118 1301 1185 1334 hac

343 1351 358 1367 ⁸
374 1358 482 1394 parte,
506 1352 551 1385 ad
574 1352 742 1385 honorem
778 1363 915 1397 quoque
950 1354 1101 1396 imperii,
1130 1354 1185 1387 cui
1249 1358 1291 1389 20

345 1406 359 1422 “
373 1405 441 1437 fide
458 1411 493 1437 et
509 1406 694 1439 deuotione
719 1408 896 1446 tenemini,
919 1409 1124 1451 properetis,
1148 1414 1184 1441 et

343 1458 358 1475 “
374 1459 569 1500 procuretis
592 1460 779 1493 aduentum
802 1460 937 1493 interim
963 1467 1114 1495 uestrum
1137 1462 1183 1495 ad

344 1512 359 1528 ‘⁶
373 1517 583 1554 pretaxatum
608 1513 723 1546 locum
747 1514 784 1546 in
807 1514 915 1547 armis
938 1515 1108 1548 decenter
1131 1526 1186 1549 ar-

343 1565 358 1582 “
373 1566 455 1598 mati
469 1567 638 1599 actentius
660 1578 853 1607 accessum,
869 1574 906 1601 ut
921 1568 1051 1602 ibidem
1063 1569 1100 1602 in
1116 1575 1184 1603 tam

346 1620 360 1636 “
372 1619 552 1662 sollempni
576 1620 672 1653 curia
686 1621 853 1654 interesse
878 1622 1026 1664 possitis,
1041 1622 1100 1656 ubi
1115 1634 1184 1656 non
1248 1623 1289 1656 25

345 1673 493 1715 “parum
516 1674 640 1706 uestris
664 1675 884 1719 cognoscetis
908 1676 1100 1710 commodis
1127 1687 1183 1710 ac·

345 1728 360 1743 ‘⁴
372 1726 515 1759 cessisse
532 1732 567 1760 et
581 1728 646 1760 iter
662 1738 732 1760 non
747 1728 933 1761 inuacuum
957 1730 1184 1772 assumpsisse

343 1780 493 1813 “scietis
539 1781 629 1813 Nam
646 1786 681 1813 et
696 1782 724 1813 si
739 1791 809 1814 non
832 1788 924 1815 esset
939 1781 985 1816 ob
1001 1782 1098 1816 aliud
1114 1783 1182 1815 nisi

344 1833 418 1866 “ad
450 1834 641 1867 uidendum
671 1835 873 1877 specialiter
903 1845 1086 1878 personam
1122 1847 1185 1869 no-

342 1886 357 1902 “
371 1893 486 1926 stram,
510 1897 577 1930 que
593 1894 707 1921 uestra
722 1888 872 1922 libenter
894 1889 1023 1923 fruitur
1037 1890 1183 1929 uisione,
1247 1891 1289 1924 30

344 1941 359 1957 “
373 1940 578 1978 confidimus
601 1947 636 1975 et
657 1952 847 1985 speramus,
870 1944 966 1987 quod
987 1944 1035 1977 ad
1057 1943 1182 1977 uiden-

346 1993 361 2011 “
372 1993 454 2026 dum
478 2004 542 2027 nos
563 1994 730 2039 hylariter
753 1989 901 2030 uenietis
917 2003 954 2031 et
969 1997 1089 2030 uenire
1105 1997 1184 2030 nul-

343 2047 357 2063 “
373 2047 508 2080 latenus
537 2049 764 2091 postponetis,
795 2055 834 2082 ut
867 2055 947 2083 ante
980 2061 1184 2093 prosperam

343 2100 357 2116 “
373 2100 560 2134 motionem
594 2107 748 2135 nostram
779 2113 946 2145 personas
975 2110 1108 2137 uestras
1130 2103 1184 2136 ui-

343 2153 358 2169 ⁴‘
373 2153 456 2186 dere
472 2155 641 2196 possimus
657 2161 691 2188 et
706 2156 751 2188 ad
773 2156 929 2190 inuicem
952 2156 1183 2201 congaudere.
1246 2158 1287 2192 35

433 2209 447 2225 “
460 2207 585 2240 Datum
602 2210 697 2251 apud
712 2209 878 2242 Sanctum
896 2211 1107 2244 Germanum
1121 2221 1184 2254 pe-

343 2260 357 2276 “
373 2260 515 2293 nultimo
539 2261 629 2300 Iulii,
658 2268 738 2294 xn.‘³
759 2262 962 2296 indictionis
974 2288 989 2304 „
1006 2262 1030 2295 ’-

428 2313 508 2355 Ipso
532 2314 676 2357 [mense]
699 2316 777 2348 Iulii
809 2316 896 2350 obiit
930 2318 1051 2359 Capue
1086 2317 1182 2351 Ade-

339 2367 457 2399 nulfus
479 2368 627 2400 condam
653 2368 759 2402 abbas
781 2370 981 2403 Casinensis
992 2370 1015 2402 ⁸.
1060 2372 1183 2404 Mense

339 2417 488 2461 Augusti
522 2421 670 2454 collecte
706 2423 846 2456 fuerunt
869 2424 914 2456 de
938 2430 1030 2456 terra
1063 2435 1182 2456 mona·
1247 2426 1288 2458 40

340 2472 435 2504 sterii
449 2473 528 2505 loco
543 2475 651 2507 mutui
668 2475 762 2518 quod
778 2476 968 2518 Imperator
984 2477 1075 2521 exigi
1091 2477 1180 2510 fecit

340 2526 550 2567 generaliter
571 2538 635 2570 per
656 2534 765 2561 totum
788 2529 951 2574 Regnum
974 2530 1019 2563 ab
1043 2530 1108 2563 hiis
1123 2531 1182 2573 qui

428 2666 470 2686 21.
489 2662 649 2694 properatis
671 2662 733 2688 Cod.
754 2679 785 2682 —
806 2669 848 2695 25.
867 2665 1001 2690 sollemni
1027 2665 1123 2690 Gnun.
1149 2679 1181 2683 —-

340 2710 382 2735 34.
402 2707 513 2730 nostras
532 2704 628 2732 GAun.

431 2834 439 2850 ¹
459 2835 499 2860 La
513 2837 589 2861 dieta
602 2841 762 2863 convocata
775 2846 791 2863 a
805 2839 946 2865 Cremona
960 2848 1008 2873 per
1021 2842 1048 2866 la
1063 2841 1173 2873 Pasqua
1187 2841 1233 2867 del
1288 2843 1393 2868 scluti:
1413 2843 1449 2868 ct.
1469 2845 1602 2876 Bonum,
1623 2853 1670 2870 nn.
1693 2845 1767 2878 1580,
1789 2851 1868 2878 15933
1890 2853 1904 2870 e
1927 2845 2021 2878 14694.

346 2875 420 2905 1²26,
440 2885 497 2901 non
517 2879 580 2903 solo
600 2880 711 2905 mir-ava
730 2882 764 2906 ad
785 2883 914 2907 ottenere
935 2883 955 2907 ll
983 2891 1158 2908 soccorso
1175 2892 1190 2908 e
1209 2884 1232 2908 il
1375 2883 1386 2900 ³
1406 2885 1459 2910 Nel
1478 2886 1656 2920 Necrologlo
1674 2887 1823 2912 Cassinese
1835 2888 1864 2912 la
1883 2895 1932 2912 sua
1946 2890 2037 2912 morte
2049 2887 2063 2913 ὲ
2077 2889 2178 2912 notate
2248 2915 2249 2921 ¹
2266 2919 2268 2922 Ι

301 2922 314 2947 5
344 2919 460 2951 viaggio
481 2921 509 2944 ln
534 2921 713 2954 Terrasanta,
735 2932 779 2948 rna
799 2925 910 2949 anche
930 2933 945 2950 a
966 2926 1124 2950 rialzare
1144 2934 1158 2951 e
1177 2926 1234 2951 far
1289 2927 1364 2952 nella
1386 2927 1469 2952 “vin
1488 2927 1545 2953 kal.
1564 2929 1665 2962 Aug„
1680 2942 1713 2947 —
1727 2928 1762 2953 26
1774 2929 1812 2953 VI
1826 2938 1874 2960 -ς
1891 2928 2075 2954 “Adenulfus
2089 2936 2178 2954 sacer·
2208 2923 2269 2955 καί

344 2961 466 2986 valere
480 2964 578 2988 nella
594 2964 807 2990 LombardIa
822 2966 1016 2992 l'autorita
1031 2969 1233 3000 imperiale.
1290 2968 1367 2994 “dos
1385 2972 1414 2994 et
1432 2971 1588 2995 monachus
1600 2980 1631 3002 „z
1653 2971 1688 2996 cf.
1707 2971 1872 3000 Ino-uma.
1897 2971 2077 3004 chronologia
2102 2971 2181 3004 degli

431 3002 441 3019 ²
460 3004 499 3028 La
520 3006 585 3030 ‹lata
606 3015 620 3030 e
640 3007 660 3030 il
686 3010 760 3032 testo
786 3009 830 3033 del
857 3010 994 3034 mandato
1021 3018 1108 3035 erano
1134 3018 1235 3036 scono-
1288 3012 1373 3037 Abati
1392 3013 1537 3043 Cassinesi,
1556 3014 1614 3045 cit„
1634 3021 1659 3046 p.
1679 3020 1740 3046 419.
