2320 3444
145 254 219 278 Mus..
234 258 268 276 cc.
285 254 371 278 ¹⁰⁴5·⁴6
382 242 455 278 208

317 1678 348 1695 10

317 1889 346 1915 15

316 2099 350 2116 20

317 2310 348 2336 25

317 2519 351 2544 30

319 2730 351 2756 35

322 2942 355 2966 40

463 373 585 406 Mense
609 369 788 404 Februarii
810 369 1023 411 Imperatore
1048 367 1247 405 mandante,
1270 376 1333 408 per
1356 370 1462 398 totam
1478 364 1597 408 Regni
1612 363 1817 397 maritimam
1832 363 1926 397 iuxta
1948 374 2087 398 cursum
2109 363 2212 409 galee
2245 380 2247 382 ·

378 432 553 459 armantur
566 424 587 457 ¹.

464 477 586 510 Mense
610 475 725 508 Martii
749 475 874 507 milites
897 480 932 507 et
947 473 1085 516 pedites
1100 474 1146 506 ad
1161 473 1345 506 defensam
1369 477 1405 505 et
1420 471 1612 505 custodiam
1627 470 1798 504 maritime
1822 469 1954 515 ubique
1969 481 2033 514 per
2047 470 2211 515 Regnum
2242 482 2248 496 ε

376 532 426 564 ire
448 531 618 563 iubentur.

461 583 593 615 Eodem
615 591 731 614 mense
753 583 855 625 galee
879 579 1038 622 predicte
1061 588 1181 611 uersus
1205 578 1302 611 Pisas
1325 578 1469 610 uadunt.
2224 608 2247 623 m
2307 621 2309 624 Α

461 637 582 669 Mense
603 634 735 678 Aprilis
764 634 889 666 ciuitas
918 633 1177 674 Beneventana,
1209 641 1276 674 que
1307 631 1467 664 Romane
1499 630 1649 664 ecclesie
1680 629 1832 671 suberat,
1862 636 1995 664 arctata
2025 636 2060 664 et
2090 639 2213 665 nece·-
2239 651 2257 671 2:
2307 628 2310 682 Ξ

373 691 472 722 sitate
495 689 672 730 compulsa
695 686 899 729 Imperatori
922 696 960 718 se
982 685 1117 722 reddit;
1134 685 1232 717 cuius
1255 684 1368 716 menia
1391 684 1615 726 Imperatoris
1638 684 1733 716 iussu
1754 684 1911 717 funditus
1934 689 2148 722 euertuntur,
2175 688 2214 717 et
2307 683 2310 694 '

374 750 484 776 turres
505 742 654 775 ciuitatis
675 741 827 774 eiusdem
851 749 960 783 usque
985 739 1030 771 ad
1052 738 1225 772 solarium.
1272 737 1380 770 Arma
1402 737 1581 770 hominum
1605 737 1759 770 ciuitatis
1788 737 1896 780 ipsius
1926 738 1972 770 ad
2002 747 2090 780 opus
2119 736 2226 773 rech,
2245 729 2258 767 ’ν

373 798 513 840 piuntur
535 794 754 838 Imperatoris
765 793 789 827 ¹.

837 234 1112 273 RYCCARDI
1140 234 1210 270 DE
1238 232 1447 269 SANCTO
1476 231 1747 269 GERMANO

460 848 592 881 Eodem
615 857 732 880 mense
755 846 924 880 Fauentia
947 857 1011 888 per
1032 856 1160 878 annum
1184 845 1325 878 obsessa
1341 850 1376 877 et
1392 850 1525 877 arctata
1541 843 1584 877 ab
1599 844 1824 887 Imperatore,
1838 843 1935 877 uenit
1949 844 1996 877 ad
2011 843 2212 879 mandstum
2242 825 2256 893 ¹.
2310 867 2311 871 ,

372 903 490 945 ipsius,
513 901 617 934 saluis
638 900 795 944 personis
811 906 844 933 et
867 900 971 933 rebus
994 899 1169 932 hominum
1194 898 1343 932 ciuitatis
1367 898 1535 940 eiusdem,
1559 898 1597 930 in
1614 908 1682 942 qua
1698 902 1822 941 postea
1836 897 2032 941 Imperator
2046 897 2122 941 ipse
2137 896 2215 931 fieri
2251 899 2267 936 j,
2309 925 2312 934 ,

374 955 598 988 munitionem
621 954 764 987 mandat
776 953 798 986 ⁸.

460 1007 583 1040 Mense
606 1007 719 1040 Madii
740 1008 777 1040 in
808 1007 897 1039 festo
929 1006 1138 1039 inuentionis
1168 1011 1288 1038 sancte
1319 1005 1433 1037 crucis
1462 1004 1564 1048 galee
1593 1004 1794 1048 imperiales
1817 1015 1895 1038 cum
1926 1004 2037 1048 galeis
2065 1003 2215 1038 Ianuen-

374 1062 459 1095 sium
483 1061 682 1095 conflictum
706 1060 884 1102 habentes,
908 1060 1094 1092 nonnullos
1125 1059 1279 1101 prelatos
1309 1058 1546 1091 occidentales
1567 1058 1627 1102 qui
1650 1063 1750 1091 erant
1772 1058 1810 1090 in
1831 1058 1892 1098 eis,
1915 1057 2036 1091 habita
2063 1057 2214 1092 uictoria
2251 1071 2269 1102 Α·

374 1116 418 1148 de
441 1114 677 1152 Ianuensibus‚
699 1119 880 1156 ceperunt,
905 1119 941 1146 et
965 1114 1138 1145 duxerunt
1161 1118 1244 1154 aput
1266 1110 1382 1144 Pisam
1406 1111 1563 1155 captiuos
1586 1121 1665 1144 cum
1688 1110 1824 1144 duobus
1846 1111 1983 1155 legatis,
2004 1109 2211 1145 Prenestino
2267 1143 2272 1154 ⁴.
2310 1100 2313 1118 ³

465 1251 505 1270 υ.
522 1245 576 1270 Hic
597 1245 756 1269 includitur
775 1251 866 1268 annus
885 1247 982 1268 anneta
1003 1244 1038 1268 R.
1057 1244 1102 1267 nel
1119 1243 1245 1276 margine
1265 1246 1368 1267 esterno
1389 1243 1452 1268 Cod.
1472 1255 1507 1260 —
1528 1250 1568 1275 13.
1587 1242 1771 1269 Attamen...
1783 1259 1790 1268 .
1804 1242 1960 1268 uictoriam
1972 1242 2004 1268 ds·
2014 1249 2091 1268 mano
2103 1242 2151 1268 del
2159 1249 2211 1268 tec.
2251 1263 2267 1271 ,.
2312 1259 2314 1286 5

376 1287 454 1312 XVI
466 1289 511 1312 nel
527 1288 652 1320 margine
671 1290 774 1311 esterno
794 1287 858 1312 Cod.
878 1299 910 1304 —
934 1291 973 1317 ις.
993 1286 1066 1319 apud
1086 1285 1171 1314 Uol-¹..
1190 1285 1254 1309 Dat.
1273 1285 1325 1314 Ra,
1343 1284 1450 1313 Pnarz.
1469 1283 1567 1310 GAUD.

463 1375 472 1393 ¹
492 1376 627 1401 L’ordine
646 1375 675 1400 di
695 1378 804 1400 armare
824 1376 850 1400 le
867 1376 950 1408 galee
974 1383 990 1399 a
1015 1376 1086 1400 tutti
1113 1376 1121 1399 i
1148 1375 1266 1399 maestrl

375 1420 522 1452 portulani
541 1420 586 1445 del
611 1419 712 1453 Regno
737 1419 768 1443 su
793 1419 970 1452 pubblicato.
995 1419 1214 1444 attribuendolo
1239 1418 1267 1442 ai

375 1462 462 1494 primi
475 1462 520 1487 del
537 1462 591 1487 feb.
606 1469 681 1494 1241,
696 1462 731 1486 da
744 1461 1093 1493 ΗυιιιΑκυ-Βκὲκοιιιῑς,
1110 1461 1142 1490 V,
1155 1468 1184 1494 p.
1200 1467 1264 1492 1091

375 1513 390 1530 e
408 1512 463 1537 sg.:
485 1504 498 1518 ‘⁴
509 1504 608 1530 Vestre
626 1505 717 1538 igitur
734 1504 871 1529 fidelitati
890 1504 1076 1537 precipiendo
1101 1504 1268 1528 mandamus

376 1547 539 1579 “quatenus
558 1547 695 1579 diligenti
714 1547 945 1572 consideratione
964 1547 1113 1579 prehabita
1134 1547 1164 1570 in
1183 1547 1268 1570 terris

375 1589 389 1603 α
399 1591 491 1614 vestre
508 1589 724 1623 jurisdictionis
743 1589 850 1613 vicinis
870 1589 1019 1617 maritime,
1034 1595 1084 1621 per
1097 1589 1267 1613 mercatores

375 1632 534 1656 “videlicet
552 1639 672 1663 quorum
693 1631 782 1664 magis
806 1631 940 1656 videritis
965 1632 1110 1660 interesse,
1136 1638 1168 1655 ac
1192 1631 1266 1655 alios

377 1675 502 1707 “quibus
526 1681 563 1699 ex
587 1674 642 1699 hoc
668 1673 854 1706 importabile
878 1674 990 1707 pondus
1016 1675 1171 1707 ingrueret,
1197 1673 1266 1698 duas

374 1717 448 1742 “aut
466 1719 523 1742 tres
541 1717 637 1749 galeas
662 1718 690 1741 et
714 1718 760 1741 tot
782 1716 928 1741 barkettas
953 1716 1051 1748 (prout
1075 1717 1177 1741 habito
1202 1723 1266 1740 cum

375 1759 389 1773 ‘⁴
399 1759 530 1784 fidelibus
543 1761 651 1783 nostris
664 1758 801 1791 diligenti
815 1759 942 1783 consilio
955 1758 1090 1783 videritis
1109 1756 1267 1792 expedire),

374 1790 466 1834 “quas
484 1802 570 1826 etiam
590 1802 623 1825 de
642 1801 774 1825 vassellis
794 1801 901 1826 nostris
919 1801 1051 1825 decenter
1069 1800 1220 1825 recalcatis
1239 1802 1266 1825 et

375 1843 584 1868 “communitis
603 1845 643 1868 eis
659 1843 805 1876 assignare
825 1850 875 1868 vos
902 1843 1044 1872 volumus,
1070 1844 1132 1867 sine
1157 1842 1266 1868 nostris

377 1883 531 1918 “expensis
553 1884 668 1909 faciatis
686 1885 757 1908 bene
775 1886 804 1908 et
822 1884 954 1908 decenter
973 1884 1086 1908 armari.
1123 1884 1170 1908 Ad
1189 1884 1265 1916 quod

376 1926 477 1959 “ipsos
496 1927 589 1951 verbis
609 1927 838 1959 competentibus
857 1927 992 1951 inducere
1010 1926 1163 1956 studeatis;
1188 1928 1216 1951 et
1240 1926 1266 1950 si

376 1968 389 1982 ‘⁴
400 1969 476 1994 sorte
494 1969 657 1994 inductioni
678 1969 853 1999 resisterent,
866 1969 1032 1993 cohertione
1045 1969 1124 1993 debit
1137 1969 1265 2001 compul-

377 2011 391 2025 “
402 2012 469 2036 suri.
479 2029 486 2037 .
496 2028 504 2037 .
515 2029 522 2037 .
533 2030 556 2044 ,,.
594 2012 690 2036 Morto
709 2011 814 2036 Nicola
833 2010 956 2044 Spinola
970 2011 1047 2036 nella
1060 2011 1114 2036 fine
1128 2011 1172 2036 del
1189 2017 1264 2043 1240,

377 2054 559 2087 “imperialis
580 2054 671 2087 spolii
690 2056 717 2079 et
736 2054 767 2078 in
786 2062 875 2087 regno
894 2054 994 2079 Sicilie
1014 2054 1170 2078 admiratus
1181 2072 1205 2085 „,
1219 2054 1265 2078 nel

376 2097 528 2122 medesimo
539 2096 635 2121 ufflcio
647 2097 677 2121 fu
691 2098 809 2121 assunto
824 2097 844 2121 il
860 2097 976 2121 fratello
990 2097 1018 2121 di
1034 2097 1077 2121 lui
1090 2097 1264 2127 Lanfranco,

376 2147 421 2164 ma
439 2139 503 2163 solo
523 2146 572 2171 per
590 2146 664 2171 poco
683 2140 789 2171 tempo,

463 2172 484 2205 ὲ
503 2189 519 2206 a
539 2181 650 2205 credere
668 2181 719 2206 che
743 2181 770 2206 le
789 2188 882 2206 nuove
900 2181 981 2214 galee
1000 2188 1083 2207 verso
1103 2182 1130 2206 ia
1154 2181 1210 2206 fine
1235 2181 1265 2206 di

375 2226 474 2255 questo
493 2231 566 2247 mese
587 2224 694 2247 fossero
713 2224 786 2248 state
804 2225 885 2256 poste
903 2224 930 2248 al
950 2224 1090 2248 comancio
1109 2224 1154 2248 del
1169 2231 1266 2249 nuovo

376 2265 569 2297 Ammiraglio
589 2265 718 2289 Ansaido
738 2265 771 2289 de
791 2266 878 2290 Mari:
900 2266 930 2290 ⁸.
942 2284 948 2290 .
960 2281 984 2290 ..
1003 2265 1108 2297 (mense
1128 2266 1266 2291 februarii

377 2309 390 2322 ‘⁴
403 2314 467 2339 1²4¹
489 2308 581 2332 dictus
600 2306 766 2339 imperator)
786 2308 935 2332 mandavit
954 2308 1068 2339 quidem
1088 2309 1218 2333 Ansaldo
1233 2309 1266 2334 de

378 2348 391 2362 “
403 2350 476 2374 Mari
494 2349 543 2381 qui
563 2350 624 2373 erat
643 2350 672 2373 in
691 2348 788 2380 Ianua,
803 2350 835 2373 ut
848 2350 902 2374 iret
916 2349 949 2373 ad
963 2349 1057 2381 ipsum
1071 2350 1138 2381 quia
1152 2353 1265 2375 mortuo

379 2390 391 2403 “
404 2391 540 2415 Nicolino
553 2390 672 2424 Spinula
685 2391 826 2415 admirato
839 2398 900 2421 suo,
914 2391 1006 2424 ipsum
1020 2392 1213 2417 constituerat
1224 2400 1266 2418 re-

377 2432 390 2446 ”
402 2434 454 2466 gni
471 2432 570 2457 Sicilie
589 2434 766 2458 admiratum.
803 2433 878 2458 idem
898 2432 1043 2458 Ansaldus
1058 2435 1190 2459 omnibus
1203 2443 1265 2467 pre-

379 2475 392 2488 “
404 2476 551 2506 terminas,
570 2483 651 2507 quem
669 2477 807 2500 secrecius
826 2476 923 2508 potuit
941 2476 998 2501 ivit
1016 2477 1051 2501 ad
1067 2478 1266 2510 imperatorem

380 2518 431 2542 “et
450 2518 587 2542 collatum
612 2517 770 2550 admiragie
787 2518 954 2542 beneficium
980 2520 1106 2551 suscepit
1132 2519 1166 2544 ab
1191 2528 1265 2552 eo„;

378 2560 480 2584 Annali
492 2559 626 2584 Genovesi
637 2559 823 2589 diCAsrAxo,
834 2567 848 2584 e
861 2560 907 2584 dei
917 2561 981 2584 suoi
999 2562 1210 2592 continuatori,
1223 2563 1265 2587 ed.

365 2602 436 2633 ‘citq
450 2601 509 2626 voi.
526 2601 575 2632 111,
594 2608 621 2634 p.
637 2607 702 2633 to4;
716 2601 747 2626 Ε.
761 2601 988 2631 Ψικκεικᾼκὶτ,
1002 2605 1044 2633 op.
1062 2602 1116 2631 cit„
1129 2603 1149 2634 1,
1164 2611 1190 2636 p.
1205 2603 1266 2629 661.

465 2641 476 2658 ²
495 2643 579 2668 Nello
597 2645 688 2668 stesso
708 2643 798 2677 aprile
817 2644 1021 2677 Pimperatore,
1039 2646 1155 2669 tornata
1178 2646 1266 2670 Bene-

379 2687 465 2709 vento
484 2687 561 2710 sotto
586 2685 607 2710 ii
634 2686 664 2710 di
687 2685 730 2710 lui
755 2685 895 2715 dominio.
921 2687 1012 2710 scrive
1036 2693 1053 2710 a
1079 2686 1212 2712 Roffredo
1236 2689 1266 2714 di

380 2726 539 2750 Benevento
553 2726 719 2761 dicendogli
732 2726 781 2750 che
795 2733 914 2758 sperave,
926 2727 956 2751 di
971 2727 1112 2751 rivederlo
1125 2727 1153 2751 di
1170 2736 1266 2753 nuovo

380 2769 406 2791 ai
427 2769 487 2791 suoi
508 2768 621 2798 servizi,
639 2775 655 2793 e
674 2769 851 2801 pregandolo
864 2770 893 2793 di
907 2771 1026 2793 tornare
1039 2770 1133 2795 sicuro
1146 2770 1223 2795 della
1237 2772 1265 2795 di

380 2810 423 2834 lul
440 2811 545 2842 grazia,
568 2811 647 2835 “nisi
668 2812 806 2842 quatenus
825 2811 926 2836 timere
944 2811 1145 2844 compellimur
1165 2820 1199 2837 ne
1224 2821 1268 2838 ve-

382 2852 449 2877 “lut
467 2859 501 2876 ex
521 2855 667 2878 contracta
686 2853 814 2879 redoleas
833 2861 925 2879 mores
945 2856 972 2879 et
990 2854 1119 2879 habitum
1138 2847 1267 2880 sacerdo-

383 2891 395 2905 “
407 2894 490 2917 talem
504 2901 530 2925 „3
549 2894 894 2925 Humano-Batauorum,
913 2895 948 2925 V,
970 2901 1051 2927 ¹¹15}
1077 2897 1211 2928 Bonnam,
1239 2905 1267 2922 n.

381 2940 462 2967 3199;
483 2936 518 2960 cs.
538 2943 605 2967 pure
625 2944 673 2969 pp.
694 2944 751 2969 114,
773 2943 830 2968 115,
855 2944 911 2971 139,
934 2942 982 2969 147
1003 2946 1017 2962 e
1040 2944 1096 2969 149.

467 2976 478 2993 ³
496 2977 640 3003 L'assedio
653 2979 681 3002 di
703 2979 812 3004 Faenza
832 2978 977 3004 comincio
991 2980 1012 3004 il
1027 2979 1061 3004 26
1074 2980 1149 3009 VIII,
1171 2987 1239 3013 ¹²40
1250 2988 1265 3005 e

383 3017 430 3043 fini
446 3020 466 3043 il
485 3027 514 3051 ¹4
531 3020 579 3048 1v,
600 3027 682 3052 1²4¹:
703 3020 779 3045 “i-iis
798 3021 898 3046 dlebus
916 3029 1010 3046 mense
1029 3022 1153 3054 Augusti
1174 3023 1267 3055 (1240)

1321 1374 1335 1387 ¹‘
1346 1382 1436 1407 nuper
1454 1376 1594 1408 preterito
1612 1374 1779 1400 Fredericus
1792 1374 1950 1407 imperator
1961 1374 2098 1408 posuerat
2109 1380 2140 1399 se
2151 1380 2216 1399 cum
2253 1384 2260 1403 ;
2312 1370 2315 1379 ¹

1324 1416 1337 1430 “
1348 1424 1453 1450 magno
1471 1418 1599 1442 exercitu
1618 1417 1694 1442 circa
1714 1418 1863 1442 civltatem
1881 1416 2061 1443 Faventiam.
2085 1415 2122 1442 Et
2135 1416 2216 1442 obse·
2254 1445 2258 1453 ι

1322 1459 1335 1473 ”
1346 1460 1389 1484 dit
1408 1459 1490 1484 illam
1505 1459 1653 1494 magnifice
1672 1461 1700 1485 et
1712 1461 1846 1493 potenter
1858 1460 1998 1485 continue
2009 1460 2074 1485 toto
2087 1459 2217 1492 tempore
2253 1458 2266 1498 ι’
2312 1464 2314 1470 ’

1323 1500 1337 1514 “
1347 1502 1472 1534 hyemali
1500 1509 1587 1534 usque
1618 1508 1668 1535 per
1698 1509 1805 1526 annum
1833 1502 1996 1534 sequentem
2006 1517 2015 1527 0
2026 1518 2033 1527 .
2043 1519 2051 1527 .
2061 1517 2069 1527 .
2078 1518 2104 1533 ,.
2141 1500 2158 1516 ⁸
2168 1501 2216 1526 die
2250 1500 2268 1535 VJ

1323 1542 1337 1556 ‘⁴
1347 1549 1419 1567 xurx
1436 1544 1566 1568 intrante
1584 1543 1671 1576 aprili
1683 1543 1808 1568 eiusdem
1828 1543 1900 1568 anni
1911 1541 2008 1577 (¹²4¹)
2019 1542 2099 1568 diets
2111 1542 2217 1568 civitas
2256 1536 2262 1576 f
2314 1548 2315 1551 ¹

1322 1585 1508 1617 “(Faventia)
1527 1587 1584 1618 ipsi
1604 1586 1773 1618 imperatori
1793 1593 1822 1610 se
1847 1585 1982 1611 reddidit.
2018 1585 2074 1611 eui
2098 1586 2216 1611 civitsti
2261 1582 2266 1599 ¹:
2313 1600 2314 1603 =

1323 1627 1443 1660 “gratia
1467 1630 1496 1653 et
1519 1629 1596 1653 bona
1621 1628 1774 1654 voluntate
1794 1629 1919 1660 remissa,
1947 1629 2120 1661 imperator.
2132 1637 2216 1660 .·.„;
2260 1618 2268 1627 ἐ

1321 1670 1517 1696 ΚοιΑΝοιΝυε
1542 1671 1725 1703 PArAvmus,
1752 1675 1793 1702 op.
1818 1671 1875 1701 cit„
1899 1672 1929 1696 in
1948 1671 2121 1701 Manu-otu,
2140 1669 2216 1701 vm,
2267 1694 2270 1699 ,

1321 1720 1348 1746 p.
1362 1718 1427 1746 2373
1439 1714 1480 1738 M.
1501 1714 1531 1739 G.
1547 1715 1585 1739 H.
1598 1714 1659 1744 SS.‚
1672 1713 1746 1744 XIX,
1759 1721 1787 1746 p.
1800 1712 1843 1746 78.
1880 1714 1922 1739 Lo
1935 1715 2026 1739 stesso
2043 1713 2217 1746 imperatore
2267 1713 2270 1716 ”
2314 1737 2316 1743 ,

1320 1755 1349 1780 di
1370 1757 1468 1788 questa
1487 1757 1609 1782 vittoria
1628 1758 1732 1782 scrlsse
1755 1757 1792 1782 ad
1815 1757 1944 1788 Ezelino,
1969 1755 2216 1790 annunzlsndossli
2267 1779 2268 1782 ,
2313 1751 2316 1791 ζ

1320 1798 1364 1823 fra
1384 1798 1481 1823 l'altro
1496 1799 1564 1825 chez
1580 1799 1593 1812 Μ
1603 1800 1659 1824 Die
1673 1799 1740 1832 [xiv
1753 1799 1868 1833 aprilis]
1886 1799 2070 1824 vententibus
2081 1798 2119 1824 ad
2131 1797 2216 1832 podes
2262 1790 2275 1814 '-
2313 1797 2317 1834 ξ

1323 1840 1445 1866 “nostre
1463 1842 1616 1866 clementie
1640 1842 1806 1872 Faventini,
1825 1843 1854 1867 et
1873 1842 1908 1867 ad
1934 1843 2063 1867 nostrum
2082 1841 2218 1874 beneplfl·
2266 1841 2268 1843 '
2314 1851 2317 1876 5

1320 1882 1334 1896 ‘⁴
1346 1884 1436 1908 citum
1455 1886 1483 1909 et
1503 1885 1668 1909 mandatum
1688 1884 1720 1909 in
1741 1886 1841 1909 nostra
1853 1884 2050 1909 misericordia
2067 1884 2216 1909 civitatem
2265 1899 2275 1909 ,ι
2314 1882 2317 1914 j

1321 1924 1568 1951 “subiicientibus
1587 1929 1615 1952 et
1641 1934 1786 1960 personas,
1805 1926 1955 1952 fidelitatis
1973 1926 2068 1952 debite
2085 1926 2216 1960 prestitis
2266 1954 2279 1964 .-
2314 1916 2317 1927 '

1322 1968 1515 1994 “iuramentis
1534 1971 1563 1994 et
1582 1970 1701 1994 illicitis
1725 1970 1902 2002 quibuslIbet
1920 1977 1974 2002 que
1993 1969 2120 1995 fecerunt
2135 1969 2216 1995 ablu·
2246 1983 2247 1986 =
2269 1987 2272 1990 -

1322 2010 1335 2024 ⁸
1346 2012 1426 2040 ratis,
1447 2018 1494 2036 eos
1513 2011 1550 2036 ad
1568 2012 1731 2037 dominium
1751 2014 1882 2037 nostrum
1899 2013 1928 2037 et
1945 2013 2069 2045 gratiam
2092 2011 2216 2045 benigne
2269 2029 2275 2033 -
2314 2009 2318 2052 ᾖ

1323 2052 1336 2067 ‘¹
1347 2055 1512 2086 recepimus.
1524 2071 1548 2079 ..
1560 2073 1565 2079 .
1577 2062 1605 2086 ,ς
1634 2053 1989 2084 HurnLARn-Bnauouxs,
2009 2053 2044 2084 V,
2062 2062 2092 2089 p.
2113 2060 2182 2087 1113
2201 2061 2217 2079 e
2266 2047 2267 2050 ¹
2315 2080 2317 2093 ¹

1319 2104 1375 2129 sg.;
1396 2097 1531 2127 Boi-man,
1549 2104 1577 2122 n.
1597 2102 1675 2129 3197.

1406 2139 1536 2164 Durante
1555 2141 1656 2171 questo
1677 2140 1797 2171 assedio,
1819 2139 1840 2164 11
1859 2141 1981 2165 trattnto
2003 2139 2070 2164 “De
2093 2138 2216 2165 scientia
2267 2151 2270 2154 ⁴
2315 2131 2317 2140 ³

1321 2181 1335 2194 u
1347 2182 1470 2206 venandi
1490 2189 1540 2215 per
1558 2189 1648 2214 aves„
1672 2183 1700 2207 fu
1719 2183 1849 2207 tradotto
1868 2182 2026 2207 dsll’srsbo
2051 2189 2067 2207 e
2090 2182 2216 2208 corretto
2271 2207 2274 2211 ,
2315 2171 2318 2220 1

1319 2224 1399 2249 dallo
1419 2226 1509 2249 stesso
1530 2226 1708 2257 imperatore,
1728 2225 1778 2250 che
1791 2231 1951 2250 conosceva
1969 2225 2040 2250 bene
2053 2225 2080 2250 le
2091 2224 2147 2250 due
2159 2224 2217 2250 lin·
2271 2231 2274 2235 ’
2315 2222 2318 2260 ξ

1319 2275 1387 2299 guet
1407 2266 1539 2299 “Incipit
1557 2267 1630 2291 liber
1649 2267 1780 2299 magistri
1798 2266 1941 2292 Moamini
1957 2267 2110 2292 salconeti!
2123 2267 2216 2292 trun!-

1322 2308 1421 2333 “iatus
1440 2309 1475 2333 de
1494 2308 1611 2333 arabico
1630 2308 1661 2332 in
1681 2308 1805 2333 latinum
1823 2316 1873 2341 per
1896 2309 2065 2341 magistrum
2086 2307 2218 2333 Theodo·
2249 2318 2279 2336 ·,.
2316 2307 2319 2319 '

1314 2349 1407 2374 .“rum
1426 2350 1569 2383 phisicum
1589 2350 1699 2374 domini
1722 2350 1851 2375 Federici
1874 2350 2071 2375 Romanorum
2096 2351 2215 2382 impera·
2270 2379 2276 2391 l

1322 2391 1335 2405 “
1345 2394 1427 2424 toris,
1441 2394 1470 2417 et
1484 2394 1631 2426 correptus
1649 2395 1692 2417 est
1706 2401 1754 2426 per
1766 2393 1861 2425 ipsum
1876 2394 2077 2426 imperatorem
2087 2393 2217 2426 tempore
2268 2410 2270 2413 ψ
2316 2418 2319 2425 ,

1322 2433 1514 2459 “obsedionls
1533 2434 1713 2466 Faventle„;
1733 2435 1785 2460 Μ’,
1807 2435 1884 2468 1461,
1903 2435 1923 2460 s.
1943 2440 1975 2467 73
2002 2433 2079 2460 dens
2104 2433 2215 2460 Biblio-
2268 2432 2283 2451 '³
2318 2447 2320 2464 g

1320 2478 1381 2502 teca
1399 2477 1540 2509 Angelica
1559 2477 1590 2502 di
1609 2477 1716 2507 Roma:
1735 2477 1773 2503 cf.
1791 2478 1956 2506 ΝΑῐωυοοΙ,
1970 2477 2123 2509 Catalogu
2137 2477 2216 2502 Codn'-
2270 2475 2271 2478 ’

1319 2528 1376 2544 cum
1404 2521 1471 2545 Mss.
1494 2523 1610 2551 praeter
1630 2528 1748 2553 graecos
1774 2523 1800 2544 et
1824 2520 1971 2544 orientales
1994 2519 2022 2544 in
2048 2519 2216 2545 Bibliotheca
2243 2520 2285 2549 Ἰὼ
2319 2515 2320 2523 ³

1319 2562 1454 2593 Angelica
1467 2562 1530 2587 olim
1542 2562 1660 2587 coenobii
1669 2570 1690 2587 s.
1703 2562 1855 2594 Augustini
1865 2562 1898 2586 de
1915 2562 1995 2593 Urbe,
2007 2561 2125 2591 Romae,
2139 2561 2216 2595 8892,
2251 2572 2254 2579 ·

1320 2611 1347 2636 p.
1360 2603 1421 2630 628.
1457 2603 1564 2633 Questa
1578 2606 1693 2629 notizia
1706 2605 1730 2629 si
1744 2605 1828 2629 trova
1842 2604 1872 2628 in
1886 2611 1941 2628 una
1954 2603 2126 2629 traduzlone
2138 2603 2215 2629 fran-
2229 2609 2234 2613 ⁴
2276 2614 2290 2629 s

1320 2653 1381 2670 cese
1400 2647 1445 2671 del
1465 2648 1607 2678 tmttatog
1624 2647 1661 2671 cf.
1680 2646 1713 2671 H.
1732 2645 1854 2675 Wssnrn,
1867 2646 2102 2676 Altfranz'o'ss'sche
2121 2647 2215 2680 Juga-

1320 2689 1477 2713 lehrbic'cluer
1504 2689 1579 2713 nebst
1605 2687 2016 2720 Handschriftenbibliograpltie
2041 2688 2092 2712 der
2119 2688 2215 2713 abend—
2278 2711 2280 2715 .

1320 2731 1472 2755 liindisclaen
1501 2731 1730 2763 Jagdlitteratur
1753 2730 1908 2761 uberhaupt,
1934 2730 1965 2754 in
1990 2729 2216 2755 Zeitschrist
2242 2733 2279 2762 7

1322 2771 1379 2796 fiir
1404 2773 1634 2798 romanische
1665 2772 1899 2804 Philologle,
1928 2772 1989 2801 XII,
2017 2772 2109 2803 Halle,
2140 2770 2216 2804 1888,
2277 2779 2278 2782 ¹

1321 2821 1367 2847 pp.
1384 2820 1491 2848 175-77.
1509 2815 1533 2840 11
1547 2815 1646 2840 Werth
1662 2815 1814 2839 menzione.
1826 2821 1895 2846 pure
1908 2814 1976 2839 altri
1991 2815 2044 2839 Ms.
2062 2813 2109 2839 Cf.
2119 2813 2216 2839 Onn-
2270 2843 2271 2846 Ἴ

1320 2862 1371 2880 Las
1389 2857 1422 2881 H.
1441 2857 1582 2888 HAsxnm,
1606 2858 1658 2882 The
1675 2857 1688 2870 ‘¹
1699 2858 1743 2882 De
1755 2860 1817 2881 arte
1835 2857 1956 2883 Venandi
1967 2865 2024 2881 cum
2037 2857 2165 2888 Avibus„
2186 2855 2222 2890 qs
2270 2859 2291 2883 ἒ,

1320 2899 1362 2922 tlte
1381 2899 1517 2929 Emperor
1535 2899 1684 2924 Freders'ck
1704 2899 1744 2930 Il,
1764 2899 1795 2922 ln
1813 2899 1886 2923 The
1911 2898 2067 2930 English
2091 2897 2215 2923 Histo-

1321 2941 1416 2965 rical
1432 2941 1684 2974 Rewiew,July,
1698 2940 1820 2970 Oxford,
1836 2947 1913 2972 1921,
1927 2949 1955 2973 p.
1969 2941 2028 2973 348.
2044 2948 2070 2965 n.
2084 2940 2215 2970 2310811,
2242 2934 2286 2966 8οῙ
2315 2974 2317 2978 ⁴

1322 2983 1430 3007 Studies
1449 2983 1475 3006 in
1495 2984 1537 3007 the
1553 2984 1666 3016 History
1679 2983 1714 3016 ⁰s
1723 2983 1884 3008 Mediaeval
1908 2983 2025 3014 Scitum,
2038 2982 2096 3013 cit„
2110 2990 2136 3016 p.
2154 2981 2216 3016 318,
2281 2976 2283 2978 μ

1321 3032 1347 3048 n.
1371 3031 1427 3048 122.
