2320 3444
218 243 294 268 Mun„
309 248 343 266 cc.
353 244 428 269 97sse79
457 234 506 269 20

221 730 301 755 Captio
345 729 427 750 Sancti

251 757 359 778 Uictoris.

222 1330 303 1353 Cabtr'o
333 1328 435 1355 Sfflncti']

248 1357 365 1378 Germani.

225 1653 316 1674 Obsidio
326 1653 397 1674 Uallis
407 1652 449 1672 Ca-

249 1681 301 1701 sini.

262 1773 287 1793 ¹5
301 1767 407 1788 ianuarii.

301 1827 371 1846 c.7v

421 2318 434 2344 5

405 2534 436 2552 10

407 2744 436 2770 15

406 2957 440 2975 20

903 230 1195 266 RchARm
1223 229 1296 266 DE
1325 229 1545 267 SANcTo
1576 229 1854 267 GERMANO
1995 233 2252 272 [ianoe-21*

453 365 498 399 ad
520 366 587 397 iam
611 364 741 397 dictum
764 364 925 397 abbatem
949 364 1034 396 duos
1057 364 1198 397 miserat
1221 364 1419 397 cardinales
1433 375 1513 397 cum
1528 364 1678 397 exfortio
1693 364 1837 397 militum
1860 364 2116 407 Campanorum
2140 369 2176 398 et
2199 375 2219 398 a

455 419 536 450 lium
559 425 651 451 terre
675 429 746 456 sue,
771 419 1000 460 eumdemque
1015 417 1258 450 Marcualdum
1275 418 1644 451 excommunicationis
1660 417 1803 451 uinculo
1818 416 2050 450 innodauerat
2063 417 2084 460 ¹,
2109 424 2144 452 et
2166 428 2231 462 seq
2250 434 2254 443 ’

453 482 511 505 ces
534 472 636 511 illius,
660 471 734 514 ipse
757 471 809 503 sui
831 471 962 504 furoris
985 470 1179 513 impatiens,
1203 473 1298 514 cepit
1319 482 1416 504 more
1439 471 1635 504 Teutonico
1659 471 1693 503 in
1716 476 1844 504 terram
1860 471 2059 504 monasterii
2082 471 2248 510 deseuirc
2274 495 2276 498 v

540 577 725 610 Millesimo
757 578 947 612 centesimo
978 578 1204 621 nonagesimo
1235 589 1337 618 nono,
1368 589 1485 611 mense
1516 579 1689 611 Ianuario.
1735 578 1804 611 Hic
1835 588 1899 621 per
1927 578 2122 612 Uenafrum
2151 579 2247 612 ueni
2274 582 2275 586 ’

453 632 656 665 maledictus
680 642 758 664 cum
781 632 967 664 malidictis
990 637 1118 664 terram
1140 633 1251 665 sancti
1272 633 1447 677 ingressus
1471 638 1524 665 est
1553 632 1754 669 Benedicti3
1786 637 1822 664 et
1851 632 1966 674 primo
1997 637 2147 665 castrum
2175 630 2214 664 S
2234 648 2239 660 ι

452 685 547 718 Petri
563 686 600 717 in
616 686 692 724 fine,
710 686 883 718 desertum
899 685 943 718 ab
958 685 1084 718 incolis
1100 696 1205 719 causa
1219 692 1330 719 metus
1346 686 1441 719 nullo
1457 686 1614 719 obstante
1630 696 1818 728 occupans,
1842 686 1922 729 igne
1939 686 2124 724 cremauit3
2148 696 2181 719 c
2198 712 2201 714 -
2218 703 2226 714 -

449 740 570 772 Sancti
591 739 745 772 Uictoris
759 739 796 771 ui
819 739 974 782 capiens,
989 739 1089 772 bonis
1112 740 1260 782 propriis
1283 740 1445 783 spoliauit
1467 746 1501 773 et
1523 750 1666 773 mouens
1683 739 1814 772 exinde
1830 745 1944 772 castra
1959 751 2021 772 sua
2042 739 2187 773 Cet-uari
2220 756 2246 777 ιι,

455 793 643 826 Toroclum
656 792 679 831 ²,
703 793 773 825 duo
796 792 930 825 scilicet
960 798 1075 825 castra
1104 792 1149 825 ab
1179 793 1431 826 habitatoribus
1461 793 1642 831 derelicta,
1673 793 1871 831 combussit,
1903 798 1938 826 et
1967 793 2117 835 septimo
2146 792 2202 826 in
2224 808 2226 819 ι
2246 814 2274 830 -A

454 846 607 879 Ianuarii
637 852 716 879 ante
741 846 908 879 Sanctum
933 846 1143 879 Germanum
1173 846 1209 879 in
1239 847 1370 890 campis
1394 853 1508 880 castra
1537 853 1683 880 metatus
1714 853 1774 880 est.
1823 846 1869 879 Et
1900 857 1978 879 cum
2010 847 2056 880 ad
2086 846 2238 890 capien-

454 907 582 934 terram
612 901 721 943 ipsam
751 900 850 933 daret
872 901 1076 944 frequentes
1099 900 1252 941 insultus,
1277 911 1403 945 capere
1426 902 1463 934 ui
1485 907 1601 934 tamen
1623 911 1695 934 non
1718 901 1841 944 potuit,
1864 899 2064 934 hominibus
2087 899 2194 935 ciuita
2211 899 2220 908 ⁶

455 954 620 987 militibus
643 954 834 997 Campanie
858 954 919 998 qui
939 955 977 986 in
1001 964 1043 987 ea
1067 960 1304 988 conuenerant
1327 966 1368 987 ea
1392 955 1450 988 die
1472 954 1713 988 resistentibus
1736 954 1796 987 illi.

478 1047 480 1049 ,
541 1009 644 1041 Tunc
666 1008 874 1052 Dyopuldus
895 1009 962 1040 iam
986 1008 1111 1048 dictus,
1134 1009 1192 1053 qui
1215 1010 1261 1042 ad
1283 1009 1396 1052 ipsum
1419 1015 1565 1042 uenerat
1587 1008 1842 1047 Marcualdum‚
1859 1014 2012 1041 montem
2027 1007 2215 1053 quemdam

453 1063 549 1096 Maio
574 1062 702 1096 dicitur
724 1072 803 1095 cum
826 1063 895 1095 suis
917 1072 1104 1106 occupans,
1135 1073 1197 1095 sua
1226 1063 1262 1095 in
1294 1072 1337 1096 eo
1367 1063 1518 1096 tentoria
1547 1063 1633 1095 fixit.
1679 1062 1787 1102 Quod
1817 1061 1904 1095 tanti
1935 1072 2041 1095 causa
2070 1061 2203 1096 timoris
2246 1084 2250 1102 3

453 1116 611 1149 omnibus
627 1117 671 1149 de
687 1122 780 1149 terra
794 1115 882 1159 ipsa,
906 1126 983 1148 cum
1000 1116 1259 1159 supereminens
1282 1122 1373 1149 esset
1397 1126 1497 1149 mons
1513 1116 1650 1149 ciuitati
1674 1121 1708 1149 et
1734 1122 1854 1158 posset
1869 1116 1913 1148 de
1936 1114 2097 1158 supernis
2118 1115 2248 1153 montis

453 1170 498 1203 ab
521 1169 675 1203 hostibus
698 1170 803 1202 facile
827 1169 1003 1212 occupari,
1027 1170 1122 1214 quod
1145 1170 1238 1203 idem
1261 1169 1367 1203 abbas
1386 1176 1488 1203 nocte
1504 1170 1755 1208 conscendens,
1772 1169 1958 1203 occasione
1974 1169 2154 1203 muniendi
2176 1184 2182 1197 ·
2200 1194 2202 1197 ψ

455 1224 666 1262 monasterii,
688 1223 846 1256 nonnulli
869 1224 914 1256 de
937 1223 1078 1256 ciuitate
1102 1233 1180 1256 cum
1203 1223 1437 1266 suppellectili
1459 1234 1520 1256 sua
1543 1233 1580 1256 se
1604 1223 1649 1256 ad
1671 1222 1802 1255 uallum
1827 1222 2038 1256 contulerint
2058 1232 2213 1257 memora
2236 1238 2241 1248 ι

455 1276 690 1310 cardinalibus
713 1277 795 1319 ipsis
817 1287 918 1309 mane
941 1276 1101 1320 sequenti
1123 1287 1160 1309 se
1175 1276 1427 1319 recipientibus
1441 1277 1478 1309 in
1501 1276 1578 1319 ipso
1595 1276 1808 1309 monasterio
1825 1286 1930 1309 causa
1951 1281 2080 1317 metus3
2102 1275 2242 1320 sicque>

457 1331 543 1373 ipso,
566 1330 647 1362 vn1⁰
670 1330 805 1362 scilicet
828 1330 990 1368 Ianuarii,
1013 1330 1171 1363 relictam
1195 1330 1238 1363 ab
1260 1330 1383 1363 incolis
1404 1329 1581 1363 ciuitatem
1602 1329 1829 1362 Marcualdus
1852 1329 2007 1368 intrauit,
2028 1328 2129 1363 bonis
2150 1328 2249 1375 pr'o'¹

455 1384 629 1427 spoliauit,
651 1390 685 1416 et
707 1394 795 1427 quos
818 1383 853 1415 in
877 1394 919 1415 ea
940 1383 1075 1416 inuenit
1095 1384 1193 1426 penis
1216 1383 1351 1419 addixit
1373 1383 1548 1427 uariisque
1571 1383 1763 1422 tormentis,
1787 1383 1912 1427 quibus
1934 1381 2072 1425 pietatis
2093 1391 2199 1416 causa
2237 1398 2241 1406 ‹

452 1438 596 1480 profuit,
619 1437 683 1469 nisi
708 1437 832 1469 redimi
855 1436 1043 1479 profuisset
1055 1435 1078 1475 ³,
1101 1447 1168 1469 nec
1191 1442 1374 1470 contentus
1399 1447 1440 1470 eo
1464 1437 1558 1480 quod
1587 1443 1715 1469 terram
1746 1441 1980 1479 occupauerat
2009 1435 2245 1478 monasterii,
2315 1476 2317 1478 Ι

457 1490 687 1524 obsidendum
711 1489 796 1522 illud
820 1496 855 1522 et
879 1490 1100 1532 capiendum,
1123 1501 1202 1523 cum
1226 1490 1261 1522 in
1285 1500 1328 1523 eo
1351 1501 1430 1523 cum
1447 1490 1563 1522 multis
1578 1489 1769 1532 Campanie
1785 1489 1953 1522 militibus
1969 1494 2005 1522 et
2025 1494 2130 1533 gente
2146 1489 2241 1525 ciui
2262 1522 2266 1526 ,
2315 1499 2316 1502 ’

457 1555 526 1577 non
550 1544 689 1577 modica
712 1554 749 1576 se
774 1544 1011 1577 concluserint
1033 1544 1238 1583 cardinales,
1264 1545 1453 1578 ascendere
1476 1543 1594 1576 uoluit.
1642 1543 1713 1583 Qui
1737 1554 1814 1576 cum
1838 1554 1903 1586 per
1926 1543 2000 1577 dies
2027 1542 2168 1586 aliquot,
2190 1538 2240 1587 ps
2262 1549 2266 1554 ⁴
2314 1545 2316 1549 ’

456 1600 492 1631 in
515 1598 684 1631 uiridario
708 1598 905 1638 obsidione,
928 1599 1040 1641 ipsum
1059 1598 1306 1631 monasterium
1328 1604 1463 1631 teneret
1485 1598 1671 1636 obsessum,
1697 1603 1731 1630 et
1747 1598 1874 1630 uallum
1896 1598 2008 1641 ipsum
2023 1606 2090 1640 per
2103 1597 2183 1641 freq
2215 1614 2241 1625 -ι-
2262 1602 2264 1606 “
2314 1594 2316 1599 “

463 1653 610 1685 insultus
631 1652 803 1685 hostiliter
825 1653 1056 1696 impugnaret,
1080 1662 1207 1695 capere
1229 1662 1294 1695 per
1316 1652 1386 1684 uim
1408 1652 1496 1685 illud
1519 1662 1588 1686 non
1612 1651 1736 1694 potuit,
1754 1651 1941 1694 Campanis
1963 1656 2000 1684 et
2021 1650 2098 1684 aliis
2119 1650 2181 1695 qui
2211 1644 2250 1690 -ιζ

458 1707 495 1739 in
516 1706 609 1739 uallo
633 1706 812 1739 constituti
828 1706 994 1739 militibus
1009 1706 1247 1739 resistentibus
1261 1705 1322 1738 illi.
1369 1706 1525 1748 Cumque
1542 1705 1676 1738 firmata
1692 1704 1874 1738 obsidione
1891 1704 1936 1738 ad
1959 1703 2168 1747 capiendum
2183 1714 2239 1737 ms

458 1761 599 1794 sterium
622 1761 844 1793 vehementer
867 1760 1023 1800 instaret,
1045 1759 1141 1804 quod
1163 1770 1242 1792 cum
1258 1770 1323 1803 per
1337 1759 1406 1791 uim
1424 1770 1494 1792 non
1509 1765 1635 1802 posset,
1652 1758 1821 1792 credebat
1836 1759 1929 1791 fame
1945 1758 2049 1792 sitiue
2070 1757 2180 1792 facile
2203 1773 2210 1786 ·
2250 1792 2252 1795 ,

458 1825 554 1858 pare,
575 1815 611 1846 in
635 1814 693 1847 die
716 1814 806 1847 festo
836 1814 930 1847 beati
961 1813 1091 1847 Mauri'
1114 1819 1243 1847 mutata
1272 1812 1387 1846 subito
1404 1813 1601 1846 serenitate
1626 1813 1729 1853 aeris,
1759 1812 1925 1856 temporis
1954 1810 2179 1846 inclementia
2207 1812 2244 1858 fr>

459 1875 511 1901 est
533 1875 568 1902 et
590 1874 686 1901 tanta
710 1868 889 1900 inundatio
913 1868 1106 1910 pluuiarum
1130 1867 1283 1900 admixta
1304 1865 1535 1912 grandinibus
1558 1873 1594 1900 et
1617 1866 1783 1899 imbribus
1806 1866 1933 1905 multis,
1950 1865 2046 1909 quod
2059 1865 2209 1899 hostium
2230 1860 2244 1908 ,⁷⁷

457 1922 547 1955 toria
568 1922 691 1955 strauit
713 1922 760 1954 ad
781 1922 907 1958 solum;
931 1927 1076 1964 propter
1099 1921 1194 1965 quod
1217 1920 1275 1964 qui
1298 1926 1399 1953 erant
1421 1919 1564 1960 obsessi,
1589 1926 1623 1953 et
1645 1920 1713 1953 iam
1736 1930 1897 1953 arescere
1922 1924 2090 1962 ceperant
2104 1910 2239 1967 aquic·

458 1975 630 2009 cientibus
653 1975 688 2008 in
712 1975 882 2014 cisternis,
898 1975 974 2008 Deo
999 1981 1033 2008 et
1056 1979 1179 2008 sancto
1203 1973 1328 2007 Mauro
1352 1973 1488 2007 debitas
1510 1973 1641 2017 gratias
1663 1974 1856 2006 retulerunt
1867 1972 1889 2016 ⁴,
1914 1979 1950 2007 et
1964 1971 2209 2006 ab‘obsidione
2235 1970 2246 1997 3'
2297 1970 2300 1992 ⁶

551 2095 605 2113 1-2.
624 2087 661 2112 ad
680 2088 821 2113 auxilium
841 2088 917 2113 Uou.

550 2186 557 2202 ¹
577 2186 618 2212 La
640 2188 805 2212 scomunica
831 2188 935 2211 contro
961 2186 1129 2211 Marcualdo
1155 2186 1185 2210 fu
1209 2185 1244 2210 da
1268 2185 1355 2210 Inno-

460 2237 549 2254 cenzo
568 2229 607 2254 111
627 2230 774 2255 notificata
793 2229 821 2253 la
840 2229 933 2262 prima
953 2229 1034 2254 volta
1053 2236 1102 2261 per
1121 2236 1218 2253 mezzo
1236 2228 1282 2252 del
1302 2228 1356 2252 due

462 2273 604 2297 cardinali
630 2273 727 2305 legati,
756 2271 859 2297 Cinzio
885 2273 914 2297 di
940 2272 967 2297 S.
992 2271 1124 2296 Lorenzo
1149 2271 1180 2296 in
1205 2270 1316 2295 Lucina
1341 2277 1356 2295 e

463 2314 615 2339 Giovanni
634 2314 665 2339 di
683 2315 711 2340 S.
735 2315 833 2339 Prisca
853 2315 898 2339 nel
919 2321 1014 2339 marzo
1036 2312 1112 2346 1198,
1137 2314 1263 2338 Bonnam
1288 2319 1354 2342 ecc.⁷

463 2364 492 2382 n.
510 2356 588 2389 5633.
613 2357 645 2381 In
664 2357 776 2389 seguito
795 2357 822 2382 le
842 2357 1024 2382 scomuniche
1043 2356 1149 2381 surono
1164 2354 1356 2380 intensificate

463 2400 509 2424 nel
531 2400 657 2424 sebbi-aio
679 2406 760 2432 1199;
780 2399 815 2424 cf.
835 2400 1002 2430 Por‘rnasr,
1015 2400 1087 2431 Reg.
1102 2399 1180 2424 Pont.
1194 2399 1281 2428 Rom..
1295 2398 1354 2430 clt„

464 2450 512 2468 nn.
530 2442 592 2474 601,
613 2442 675 2468 616.

550 2485 750 2518 Nell’epistola
775 2486 820 2510 del
841 2485 857 2510 6
881 2492 978 2510 marzo
1006 2491 1074 2518 1199
1094 2484 1152 2517 agli
1173 2483 1355 2508 arcivescovi

463 2528 493 2553 di
512 2528 652 2557 Palen-mo,
671 2527 778 2561 Capua,
801 2528 912 2561 Reggio
937 2536 952 2552 e
971 2526 1126 2557 Monreale,
1144 2534 1158 2551 e
1177 2526 1206 2551 al
1230 2533 1356 2550 vescovo

463 2571 491 2595 di
511 2571 610 2602 Troia,
629 2570 781 2595 Gualtiero
795 2571 826 2595 di
844 2570 975 2595 Palearia
988 2568 1166 2594 CancellIere
1179 2568 1225 2593 del
1246 2568 1356 2600 Regno,

463 2614 625 2638 Innocenzo
644 2614 684 2638 111
701 2620 807 2647 espone
824 2621 857 2638 su
871 2621 920 2646 per
938 2614 988 2646 giu
1007 2613 1019 2637 i
1039 2612 1106 2637 fatti
1119 2612 1170 2636 che
1183 2612 1206 2636 si
1227 2611 1356 2636 svolsero

465 2657 511 2681 nei
530 2657 617 2689 primi
636 2656 667 2680 di
685 2655 850 2688 quell’anno
869 2657 907 2680 ei
928 2654 1159 2688 provvedimenti
1178 2653 1263 2686 presi.

552 2698 742 2723 “Direximus
760 2700 865 2727 autem,
884 2698 947 2722 dice
967 2697 989 2721 il
1011 2696 1164 2727 Pontefiee,
1183 2696 1218 2720 ad
1238 2696 1356 2728 burgum

467 2740 518 2765 “S.
538 2740 671 2765 Germani
693 2741 816 2765 dilectos
834 2740 911 2765 filios
929 2738 1110 2771 I[ohannem]
1136 2739 1225 2763 titulo
1243 2738 1271 2764 S.
1297 2738 1356 2762 Ste-

466 2783 479 2796 “
492 2783 580 2816 phani
601 2784 629 2807 in
651 2781 734 2808 Celio
749 2785 847 2808 monte
866 2783 1061 2815 presbiterum,
1080 2782 1108 2806 et
1128 2779 1311 2813 G[erardum]
1329 2780 1357 2805 S.

467 2824 480 2837 “
491 2825 614 2849 Adriani
635 2825 787 2850 diaconum
801 2825 961 2850 cardinales
974 2823 1147 2857 Apostolice
1161 2823 1234 2848 sedis
1247 2823 1357 2855 legatos

467 2867 480 2880 ‘⁴
491 2869 519 2891 et
539 2875 600 2892 cum
619 2868 660 2892 eis
679 2868 787 2892 milites
801 2867 959 2900 Campanie
973 2867 1007 2891 nd
1021 2867 1132 2891 solidos
1146 2867 1264 2891 nostros
1278 2873 1357 2890 cura-

469 2909 482 2922 “
495 2911 586 2934 vimus
606 2910 763 2935 destinare:
788 2912 835 2942 qui
857 2911 924 2935 licet
943 2910 1034 2942 burgo
1054 2909 1151 2934 eodem
1171 2916 1222 2941 per
1241 2908 1358 2933 imbecil-

469 2951 597 2976 “litatem
615 2953 785 2985 burgentium
804 2956 929 2984 occupato
948 2953 975 2976 in
994 2952 1154 2977 monasterio
1174 2960 1202 2976 se
1224 2951 1360 2983 receperit

469 2992 481 3005 '¹
496 2993 655 3024 cassinensi,
672 2995 740 3019 inde
758 2997 853 3020 tamen
879 2995 1072 3020 Marcoaldum
1092 2995 1120 3019 et
1138 3001 1204 3018 suos
1229 2993 1359 3018 viriliter

468 3035 739 3069 “impugnaverunt,
757 3038 791 3062 de
809 3038 880 3070 ipsis
901 3038 1073 3070 frequentem
1092 3037 1245 3062 victoriam
1261 3043 1358 3069 repor-

1408 2186 1535 2210 “tantes.
1572 2185 1717 2210 Dilectum
1737 2185 1824 2210 etlam
1846 2185 1937 2210 fllium
1962 2185 2095 2210 nostrum
2123 2182 2205 2216 Iord[
2236 2172 2238 2178 ’

1409 2228 1423 2243 ⁸
1434 2229 1523 2254 titulo
1542 2228 1569 2253 S.
1588 2229 1766 2254 Pudentiane
1779 2229 1967 2263 presbiterum
1980 2227 2156 2253 cardinalem
2176 2226 2217 2252 A

1410 2270 1489 2295 “lice
1509 2270 1583 2295 sedis
1610 2271 1735 2303 legatum
1759 2272 1860 2295 contra
1879 2277 1942 2295 eum
1961 2277 1994 2294 ex
2012 2269 2105 2295 alten
2129 2268 2211 2302 parte

1410 2311 1424 2325 ‘⁴
1436 2314 1530 2337 ximus
1542 2320 1605 2337 eum
1620 2313 1732 2337 modica
1745 2313 1864 2346 pecunie
1877 2312 2049 2344 quantitate,
2061 2311 2184 2344 quicum
2202 2320 2215 2330 =

1409 2355 1493 2380 “filio
1514 2356 1606 2380 nobili
1638 2357 1703 2380 viro
1721 2357 1827 2381 comite
1852 2355 1955 2381 Celnnl
1981 2354 2124 2380 mnitibus
2147 2350 2237 2379 con-u'

1411 2397 1425 2411 “
1436 2399 1492 2423 tis.
1503 2416 1509 2423 .
1520 2414 1560 2423 ...
1573 2406 1603 2431 „3
1623 2397 1659 2422 cf.
1674 2397 1708 2423 G.
1727 2398 1886 2430 Paotvcci,
1902 2398 1932 2422 Il
1947 2397 2126 2423 Par-laneum
2144 2396 2176 2421 ds·
2207 2396 2227 2405 '¹

1407 2441 1454 2465 del
1470 2448 1538 2472 1²40
1557 2449 1570 2464 e
1590 2442 1616 2465 le
1629 2443 1739 2471 preme
1759 2440 1874 2465 elationi
1890 2440 1921 2464 di
1937 2440 2000 2472 qud
2011 2441 2099 2471 tempo
2117 2439 2164 2464 ul
2173 2445 2227 2464 re

1408 2483 1514 2513 Sicilia,
1543 2483 1686 2514 Palermo,
1710 2482 1785 2516 1896,
1806 2483 1869 2508 doc.
1898 2489 1924 2515 3,
1948 2489 1976 2515 p.
2000 2488 2046 2515 3⁰·
2069 2481 2162 2507 tutto
2180 2480 2198 2507 d
2227 2488 2230 2495 2

1409 2526 1438 2550 di
1459 2526 1611 2550 Antonino
1631 2525 1743 2555 Amico,
1769 2524 1823 2558 Qq.
1849 2525 1882 2550 G.
1905 2531 1928 2556 1,
1945 2524 1974 2551 ff.
1995 2531 2028 2550 ιο
2044 2523 2070 2550 Α
2088 2531 2104 2549 ι
2126 2529 2156 2549 n
2177 2523 2204 2549 B

1409 2568 1482 2593 Blbl.
1503 2567 1663 2593 Comunale
1681 2568 1712 2593 di
1731 2568 1872 2593 Palermo.
2228 2595 2230 2597 ¹

1500 2608 1510 2625 ⁸
1526 2610 1552 2635 S.
1572 2610 1687 2635 Vittore
1706 2610 1751 2635 dei
1764 2609 1852 2635 Lazio
1865 2617 1897 2634 su
1911 2610 1979 2634 d'un
1993 2608 2078 2638 colle,
2096 2615 2112 2634 ι
2125 2607 2212 2634 sinist

1409 2652 1508 2678 Monte
1527 2652 1554 2678 S.
1574 2652 1672 2678 Croce.
1692 2652 1818 2678 Cervaro
1843 2651 1857 2677 ὲ
1882 2651 2002 2677 l’antico
2024 2649 2182 2676 “Curetum
2208 2653 2236 2684 ἶἸ

1413 2694 1427 2709 “
1440 2695 1475 2719 rii
1491 2713 1512 2726 η,
1532 2695 1583 2720 che
1595 2695 1627 2719 su
1646 2702 1708 2720 reso
1726 2692 1788 2719 coel
1809 2695 1883 2719 forte
1896 2693 1974 2726 dagli
1993 2692 2083 2718 Abatl
2101 2692 2132 2718 di
2145 2691 2208 2717 Mo
2227 2704 2229 2706 ·

1410 2738 1475 2761 sino
1494 2737 1529 2761 da
1542 2744 1616 2761 esser
1628 2736 1812 2761 considerato
1827 2736 1850 2760 ll
1866 2735 1880 2748 “
1890 2735 1970 2767 Capo
1990 2734 2119 2760 entello
2129 2742 2160 2767 ,ς
2179 2740 2197 2759 ι
2214 2735 2233 2767 ι(

1409 2780 1438 2804 di
1460 2778 1594 2809 Cervaro,
1614 2787 1628 2804 e
1647 2780 1767 2812 proprio
1788 2778 1831 2803 sul
1851 2779 1948 2802 monte
1966 2777 2109 2802 Trocchio
2127 2775 2229 2809 (Tor,
2246 2781 2248 2794 ³

1410 2823 1433 2846 si
1454 2822 1567 2846 vedono
1588 2822 1614 2846 le
1633 2822 1735 2846 rovine
1753 2821 1784 2845 dl
1802 2828 1840 2846 un
1856 2819 1985 2849 castello,
1999 2826 2058 2844 non
2072 2817 2164 2844 molto
2177 2817 2207 2844 di
2222 2814 2224 2819 ’

1411 2865 1446 2889 da
1466 2867 1562 2890 monte
1581 2865 1659 2889 Maio
1679 2864 1729 2889 che
1747 2865 1876 2888 sevi-asta
1895 2863 1922 2888 S.
1941 2863 2093 2888 Germano.

1499 2905 1511 2923 ²³
1529 2907 1576 2932 Cf.
1595 2914 1644 2940 per
1662 2907 1752 2939 questi
1773 2906 1855 2931 fatti:
1874 2905 1993 2930 Annales
2007 2905 2164 2930 Casinum:
2179 2910 2196 2928 e
2228 2901 2246 2942 ἠ,
2291 2933 2292 2936 ¹

1412 2951 1450 2974 les
1470 2951 1648 2976 Ceccanenses
1666 2949 1762 2974 ail’an.
1785 2947 1861 2980 1198,
1884 2949 1915 2972 ln
1934 2948 1975 2973 M.
1996 2947 2029 2973 G.
2048 2947 2084 2972 H.
2105 2946 2166 2976 SS-,
2194 2963 2197 2967 -
2225 2977 2239 2987 Ι

1414 3000 1465 3026 294
1484 3001 1498 3017 e
1517 3001 1556 3026 sg.
1577 3001 1591 3018 e
1610 2992 1671 3026 3¹3·
2242 2989 2245 2998 ¹

1502 3034 1514 3051 ⁴
1537 3041 1565 3067 ις
1586 3042 1649 3068 gen.
