2320 3444
824 239 1167 277 PREFAZIONE
1862 239 1916 275 LI

74 316 236 328 mmm..
238 316 1912 322 ............................................................................................................................................................................

76 364 81 410 J
100 372 156 407 tis
175 373 182 416 1
201 383 271 406 non
293 372 484 415 immemor,
501 384 578 406 cum
603 373 710 406 iratus
732 373 850 413 fuerit,
868 383 939 405 non
962 372 1178 406 obliuiscitur
1192 373 1359 411 misereri,
1383 373 1458 415 ipse
1476 373 1568 405 enim
1583 372 1652 405 mei
1674 372 1850 404 misertum
1866 378 1918 406 est

66 429 112 462 'lt
133 427 310 470 pepercit3
333 435 401 460 nec
423 427 588 460 accendit
610 428 646 459 in
669 437 724 459 me
747 436 884 460 omnem
908 427 995 459 iram
1017 437 1123 465 suam,
1147 426 1275 468 eripuit
1298 427 1446 459 animam
1469 437 1582 459 meam
1612 425 1656 458 de
1686 432 1808 464 morte,
1838 436 1918 468 per—

109 480 185 514 =ssit
207 485 243 512 et
265 480 399 513 sanauit
419 481 424 523 Ι
444 491 510 519 me,
542 480 667 513 uulnus
695 480 812 514 intulit
843 479 1002 513 adhibuit
1032 485 1068 512 et
1097 480 1284 520 medelam,
1314 485 1352 513 ut
1381 480 1505 513 uiuens
1534 479 1651 513 adhuc
1675 479 1857 512 emendam
1881 480 1918 511 in

67 533 210 572 elius,
233 534 329 577 quod
351 534 442 578 gessi
465 544 649 577 perperam
673 535 731 567 uel
754 533 924 567 commisi.
968 532 1037 565 Pro
1061 543 1115 565 me
1139 544 1245 576 queso
1270 534 1388 577 igitur,
1412 536 1529 576 patres
1551 533 1621 566 mei
1649 538 1684 566 et
1706 533 1858 572 Domini,
1882 533 1916 566 ei

67 595 93 630 52
118 586 204 620 atias
225 587 307 630 agit,
330 587 389 630 qui
412 598 466 620 me
490 588 535 620 de
555 589 561 630 Ι
580 593 690 620 morte
713 587 850 620 reduxit
872 586 917 619 ad
941 586 1056 628 uitam,
1079 588 1241 630 quoniam
1264 587 1429 619 terribilis
1452 587 1528 630 ipse
1552 593 1614 626 est,
1631 587 1690 631 qui
1706 587 1821 620 aufert
1843 586 1914 629 spi-

66 637 177 674 {tum
200 640 407 684 principum,
431 640 594 673 terribilis
616 647 669 674 est
692 640 786 684 apud
809 649 911 683 reges
933 645 1045 678 terre3
1069 650 1192 683 meque
1214 646 1331 673 uestra
1361 651 1497 683 semper
1519 641 1705 673 comitetur
1734 640 1856 679 oratio,
1878 646 1916 672 ut

130 694 170 727 ·d
193 693 404 737 possibilitas
433 705 511 727 mea
542 705 612 727 non
643 694 787 737 optinet,
818 699 933 726 uestra
963 692 1046 725 mihi
1077 693 1325 727 intercessione
1356 693 1519 726 donetur.
1563 693 1658 727 Ecce
1689 694 1788 727 mitto
1818 693 1918 727 uobis

68 740 218 797 fthmos
240 757 326 790 quos
348 747 421 780 feci
443 747 488 780 de
512 747 742 791 egritutidine
764 757 842 780 mea
866 747 1039 780 concinna
1062 746 1146 780 satis
1173 747 1333 780 oratione
1357 747 1551 789 descriptos
1565 746 1584 779 ¹.

618 852 796 891 Quantum
817 852 861 885 sit
882 850 962 884 uilis
983 850 1133 884 hominis
1155 851 1317 894 dignitas,

662 905 708 938 Et
731 915 834 949 quam
855 905 993 938 caduca
1015 904 1059 937 sit
1081 904 1155 937 eius
1176 905 1315 943 sanitas,

659 959 774 992 Docet
797 959 856 1003 qui
880 958 966 992 dicit
995 957 1090 990 “hoc
1114 958 1211 990 dedit
1233 957 1416 998 Ueritas„

660 1013 751 1045 Nam
775 1012 886 1045 omnis
909 1012 1013 1045 homo
1037 1011 1160 1044 uiuens
1193 1017 1245 1044 est
1275 1011 1421 1044 uanitas.

616 1066 718 1100 Uana
740 1072 792 1098 est
813 1065 906 1098 salus
929 1071 964 1098 et
986 1070 1091 1098 status
1114 1064 1275 1102 hominis,

659 1118 781 1152 Uanus
803 1123 856 1151 est
879 1118 988 1152 decor
1010 1123 1046 1151 et
1067 1117 1349 1161 pulchritudinis,

661 1172 772 1206 Filius
795 1171 887 1205 enim
910 1177 962 1204 est
983 1170 1064 1204 Ade
1087 1170 1239 1210 seminis,

662 1227 734 1266 Qui
766 1236 943 1269 nunquam
973 1225 1062 1258 sistit
1091 1224 1225 1258 eisdem
1255 1223 1421 1258 terminis.

618 1281 658 1314 In
682 1280 741 1314 die
763 1279 858 1313 Iouis
880 1279 1004 1314 ultima
1026 1279 1106 1312 Iulii
1119 1278 1142 1318 ²,

662 1333 744 1373 Quo
767 1333 865 1367 celsa
885 1333 957 1377 poli
978 1333 1054 1366 uise
1078 1332 1188 1366 ambit
1210 1332 1356 1373 Cinithii,

662 1388 746 1421 Post
767 1392 941 1430 sumptum
964 1386 1143 1420 modicum
1166 1386 1261 1430 quod
1283 1386 1392 1419 edulii

661 1441 740 1475 Hoc
762 1440 850 1473 mihi
873 1439 1005 1474 accidit
1026 1439 1220 1473 infortunii.

618 1495 732 1530 Sanus
753 1500 792 1529 ut
813 1504 909 1528 eram
933 1499 969 1527 et
990 1493 1065 1527 sine
1088 1494 1186 1532 uitio,

660 1547 796 1582 Calami
817 1557 948 1581 uacans
969 1546 1006 1580 in
1031 1547 1202 1581 exercitio
1215 1545 1239 1587 ⁸,

661 1602 747 1636 Mox
769 1601 937 1635 alteratur
959 1611 1045 1635 sana
1068 1601 1225 1635 conditio

662 1657 708 1690 Et
729 1656 773 1690 fit
794 1655 943 1699 infirma,
967 1655 1064 1699 quod
1085 1655 1134 1689 ita
1156 1655 1278 1690 sentio.

617 1710 734 1755 Rigor
755 1721 820 1753 per
841 1709 997 1743 membra
1017 1719 1056 1743 se
1072 1709 1169 1754 cepit
1188 1709 1350 1750 fundere,

662 1763 735 1804 Qui
758 1774 813 1797 me
835 1763 1015 1807 compellit
1036 1763 1185 1796 inuitum
1207 1769 1368 1802 tremere,

661 1818 769 1852 Cuius
782 1823 821 1851 ut
842 1826 980 1861 possem
1002 1817 1074 1850 uim
1097 1817 1133 1850 ui
1155 1817 1329 1860 repellere

660 1871 798 1915 Corpus
820 1871 964 1904 decreui
987 1870 1138 1914 pellibus
1160 1876 1294 1915 tegere.

618 1924 691 1958 Sub
712 1929 913 1969 tegumento
935 1923 1094 1957 iacebam
1116 1923 1267 1964 abditus,

660 1978 791 2022 Meque
814 1977 960 2012 fouebat
982 1978 1104 2012 senilis
1127 1977 1274 2017 alitus⁴3

664 2032 726 2066 Sic
748 2031 994 2065 tremebundus
1017 2037 1053 2065 et
1074 2037 1168 2065 totus
1192 2031 1363 2075 hispidus,

661 2086 758 2119 Duro
781 2084 859 2129 plus
882 2096 976 2118 eram
1001 2085 1118 2128 lapide
1141 2085 1303 2130 frigidus.

618 2139 783 2184 Sequitur
806 2138 912 2178 calor,
937 2143 973 2172 et
994 2139 1090 2183 rigor
1111 2140 1269 2182 preterit,

663 2193 790 2226 Omnis.
811 2192 903 2226 senis
926 2202 1004 2225 ossa
1027 2192 1086 2236 qui
1112 2192 1278 2231 conterit3

660 2246 742 2280 Non
763 2251 877 2279 tamen
899 2245 974 2289 ipse
996 2256 1051 2278 me
1074 2246 1170 2289 prius
1192 2246 1334 2287 deserit,

662 2300 785 2333 Donec
808 2299 975 2333 aduersus
995 2309 1034 2332 se
1056 2301 1165 2334 sudor
1185 2300 1326 2345 ingerit.

620 2353 698 2387 Hoc
721 2363 764 2387 eo
788 2352 846 2386 die
870 2353 1031 2396 sequenti
1054 2353 1215 2394 abstinui,

663 2408 710 2441 Et
732 2407 811 2440 luce
834 2402 938 2440 tertis,
959 2406 1045 2440 mihi
1067 2406 1187 2446 minui,

662 2460 833 2505 Regulam
855 2465 970 2493 tamen
994 2460 1029 2492 in
1054 2460 1142 2493 cibis
1165 2460 1272 2501 tenui,

662 2514 734 2548 Sed
756 2524 827 2547 non
850 2513 995 2558 peccaui
1019 2513 1114 2547 dieta
1135 2514 1243 2547 tenui.

616 2567 676 2602 Nil
699 2567 783 2601 mihi
806 2567 946 2601 confert
967 2567 1029 2601 illa
1051 2567 1208 2607 minutio,

3 2726 7 2731 ,
64 2723 71 2737 1,
167 2697 335 2732 beuga·
353 2706 398 2724 ma
417 2700 567 2725 cancellato
585 2700 718 2725 misertus
737 2701 779 2725 est
801 2700 865 2725 Cod.
884 2713 917 2718 —
939 2699 1083 2726 11.Tutti
1099 2700 1184 2725 hanno
1202 2701 1268 2726 letto
1286 2701 1364 2725 vltas
1383 2707 1433 2724 non
1451 2699 1574 2725 badarado
1592 2698 1624 2723 n)
1643 2699 1674 2723 al
1696 2705 1778 2731 segne
1802 2702 1834 2722 ne
1858 2698 1916 2722 alla

56 2747 60 2756 ¹
70 2744 224 2765 meana
241 2739 273 2765 dn·
289 2749 342 2766 una
359 2741 462 2767 sillaba
483 2754 517 2760 —
538 2741 669 2774 19.qu1d
691 2742 754 2767 Cod-

9 2856 11 2858 ,
62 2836 65 2859 ,’
86 2835 89 2838 ’
163 2825 172 2843 ¹
191 2827 237 2854 Cf.
257 2827 408 2861 Gan-uu,
421 2830 602 2861 Accessiones,
615 2829 650 2861 11,
664 2838 710 2864 pp.
724 2829 856 2864 818-914-
870 2830 967 2856 Purz
1021 2830 1048 2856 la
1068 2831 1179 2863 Pssqua
1198 2830 1306 2856 ricorse
1324 2831 1346 2855 11
1368 2837 1402 2855 20
1428 2829 1527 2862 aprile.
1552 2828 1789 2853 Evldentemente
1817 2828 1866 2860 qui
1891 2828 1915 2852 sl

1 2875 7 2906 ¹*
57 2866 108 2895 11
125 2869 167 2896 Μ.
192 2871 224 2897 G.
244 2871 281 2897 H.
300 2871 362 2904 SS„
380 2871 455 2902 XIX,
480 2880 507 2906 p.
533 2871 602 2905 4843
625 2873 770 2897 Awmmo
788 2873 899 2905 Minus,
922 2874 965 2898 La
1019 2874 1109 2898 trsttn
1128 2872 1224 2898 dell’s.
1245 2878 1322 2905 ¹²42·

2 2906 15 2940 ἓ.
64 2910 166 2949 ,ma
183 2913 215 2938 dt
231 2913 800 2948 Monucassino‚Nap011‚¹929‚p.113.
816 2915 869 2940 che
881 2922 966 2949 segue
1107 2913 1119 2931 ³
1138 2915 1161 2940 E
1180 2915 1280 2940 dlfatti
1300 2917 1330 2940 ln
1350 2915 1450 2947 questo
1469 2915 1565 2946 tempo
1579 2927 1612 2931 -
1631 2919 1660 2938 se
1672 2911 1687 2938 δ
1706 2921 1721 2938 a
1741 2913 1852 2938 credere
1866 2912 1916 2937 che

59 2945 226 2980 1⁹edlxlone
244 2955 289 2980 del
308 2954 430 2982 Gattulu
449 2965 464 2981 e
482 2957 528 2982 del
547 2957 639 2982 Pertz.
1020 2965 1078 2983 non
1099 2958 1235 2983 scrlvesse
1254 2957 1351 2983 affntto
1372 2970 1403 2975 -
1423 2957 1480 2989 egli
1501 2954 1626 2989 registro
1646 2955 1710 2980 solo
1736 2956 1763 2980 la
1783 2956 1916 2989 partenza

161 2993 173 3012 ¹
191 2996 245 3022 Nel
264 3004 318 3023 sec.
334 2997 403 3024 XIII
422 2999 443 3024 il
463 3006 495 3032 31
516 2999 544 3024 di
565 2999 658 3032 lugllo
684 2999 772 3025 cedde
791 2999 820 3024 dl
845 3000 964 3033 glovedl
1020 3000 1263 3032 dell’lmperatore
1281 2999 1471 3024 coll’esercito
1490 3006 1539 3031 per
1557 2997 1658 3023 Roma.

48 3035 205 3074 14011510ῒο
229 3038 308 3072 negll
332 3041 402 3066 anni
430 3047 506 3073 1242,
528 3046 592 3073 1253
613 3049 628 3068 e
655 3040 739 3074 12643
765 3040 827 3066 cioe
851 3042 965 3075 quando
1107 3043 1119 3061 ⁴
1137 3042 1261 3077 Respiro
1281 3042 1383 3073 senile,
1403 3041 1491 3066 anche
1510 3048 1560 3077 per
1579 3040 1744 3066 l’avanzsta
1763 3037 1816 3067 etsl.

1947 2874 1978 2892 10
