2320 3444
109 209 183 232 Mun..
198 214 231 230 cc.
242 209 329 234 1018·19
349 198 419 233 160
789 192 1079 229 RYCCARDI
1107 192 1179 227 DE
1208 191 1428 227 SANCTO
1459 191 1736 227 GERMANO
2012 196 2064 232 [A.
2087 196 2179 233 12³0]

431 329 591 367 Quedam
614 327 739 370 Apulie
764 326 934 363 ciuitates,
957 325 1071 357 silicet
1094 324 1254 362 Ciuitate,
1278 322 1472 363 marinum,
1497 321 1645 356 Sanctus
1668 324 1830 363 Seuerus,
1848 322 1971 357 Casale
1994 335 2121 358 nouum
2145 330 2181 358 et

345 383 453 426 Fogia
476 382 619 414 ueniunt
642 381 686 412 ad
709 380 909 411 mandatum
932 378 1164 419 Imperatoris,
1189 387 1256 419 que
1289 376 1355 409 sibi
1386 381 1488 409 antea
1511 376 1661 409 rebelles
1689 376 1877 409 extiterant
1900 383 1934 410 et
1963 378 2113 410 redeunt
2135 377 2180 410 ad

344 435 541 468 mercedem
565 445 671 466 suam.

430 490 552 521 Mense
576 486 709 529 Aprilis
733 487 840 518 duces
863 483 1012 527 predicti
1035 494 1114 517 cum
1136 484 1274 527 Regino
1298 483 1562 526 archiepiscopo
1586 493 1628 515 ac
1652 483 1815 526 magistro
1832 484 1954 516 domus
1968 484 2182 518 Teutonico-

346 554 420 574 rum
442 541 627 574 redeuntes
650 550 669 572 a
691 549 783 581 papa
813 549 891 571 cum
922 542 1072 570 tractatu
1102 543 1138 571 et
1161 538 1273 570 forma
1296 537 1502 576 concordie,
1525 536 1561 568 in
1584 535 1748 579 Apuliam
1773 537 1818 569 ad
1849 536 2012 570 Cesarem
2038 537 2181 577 uadunt,
2227 536 2246 570 5
2271 545 2275 547 “

341 595 399 628 ubi
423 606 500 627 cum
522 604 563 626 eo
587 593 680 635 apud
705 592 848 634 Fogiam
873 591 1004 633 pascha
1027 590 1167 623 Domini
1193 590 1372 624 celebrant
1387 589 1407 623 ¹.

106 649 224 673 ‘’mmm“
238 649 264 668 (ἴε
284 648 319 668 ⁰¹⁴·
428 648 573 680 Decimo
599 647 655 679 die
678 646 807 678 mensis
822 645 986 683 eiusdem,
1003 644 1184 687 Philippus
1207 644 1252 676 de
1275 644 1373 677 Citro
1392 643 1646 677 comestabulus
1662 643 1782 686 Capue
1806 644 1970 689 magister
1992 650 2045 677 est
2066 643 2183 688 operis

133 678 170 695 tro
177 675 288 699 magister
296 675 319 694 in

119 702 320 755 bfi‘ifssssssffssfsgss'l'
342 701 460 734 Sancti
484 699 650 733 Germani
681 710 746 741 per
769 699 933 731 Cesarem
956 697 1128 731 institutus
1140 697 1163 736 ¹,
1194 703 1229 730 et
1256 697 1388 730 litteras
1412 697 1610 740 imperiales
1640 698 1684 730 ad
1711 698 1869 730 homines
1891 694 1982 731 terr'e
2011 698 2119 741 ipsius
2147 703 2184 732 et

132 755 315 781 ’'10’11'2ffiffl'w·
339 756 385 787 ad
408 755 494 786 alios
516 753 675 785 homines
699 752 743 784 de
766 757 860 784 terra
883 751 1082 784 monasterii
1105 751 1231 783 detulit
1254 756 1289 784 et
1312 751 1512 783 mandatum
1537 757 1706 794 quatenus
1729 762 1833 794 super
1855 751 1952 784 facto
1982 751 2182 785 munitionis

343 814 433 840 terre
457 806 577 839 Sancti
602 805 766 839 Germani
790 805 856 837 sibi
885 805 1069 837 intendere
1099 810 1135 836 et
1163 805 1376 847 respondere
1400 803 1573 837 deberent
1602 805 1638 836 in
1669 805 1842 837 faciendis
1871 805 1975 837 muris
2005 804 2065 837 ubi
2094 815 2183 848 opus
2207 806 2248 839 10

339 866 430 894 esset
453 860 607 892 turribus
629 865 664 891 et
687 858 842 896 fossatis3
869 858 1024 900 exceptis
1046 857 1245 890 hominibus
1269 857 1390 890 Sancti
1417 857 1542 902 Angeli
1565 857 1749 896 Theodici,
1773 858 1867 901 quod
1891 863 2041 892 castrum
2056 858 2182 891 muniri

340 913 489 957 precipit
509 913 710 955 Imperator.

432 967 622 1010 Gregorius
646 975 736 1008 papa
758 965 793 996 in
818 965 875 997 die
899 970 1020 997 sancto
1044 964 1136 997 Iovis
1169 964 1392 1008 Raynaldum
1417 964 1549 998 dictum
1573 965 1698 997 ducem
1728 963 1864 1008 Spoleti
1894 965 2182 1005 excommunicat,

343 1027 378 1054 et
402 1020 627 1052 Bertholdum
651 1019 794 1051 fratrem
817 1018 891 1051 eius
904 1018 927 1051 ³.

428 1074 622 1115 Stephanus
644 1073 688 1105 cle
712 1072 874 1115 Anglone
895 1072 1007 1104 Terre
1030 1071 1178 1105 Laboris
1199 1073 1402 1105 iustitiarius
1414 1071 1437 1112 ⁴,
1461 1073 1676 1115 Imperatore
1703 1073 1901 1115 mandante,
1923 1078 2104 1117 utramque
2127 1072 2183 1106 In·
2209 1071 2248 1106 15
2280 1094 2282 1096 v

341 1127 449 1160 sulam
473 1127 621 1160 filiorum
645 1125 741 1158 Petri
765 1131 799 1158 et
822 1125 1025 1164 Solaratam‚
1049 1124 1320 1158 Castelluccium
1344 1131 1379 1158 et
1402 1125 1577 1158 Paetinam
1600 1126 1734 1168 recipit,
1766 1132 1800 1159 et
1830 1126 1997 1159 custodiri
2019 1127 2108 1160 facit
2137 1127 2184 1160 ad

343 1191 430 1223 opus
445 1180 666 1223 Imperatoris
690 1179 860 1212 Broccum
878 1185 911 1211 et
927 1178 1086 1211 Pesclum
1104 1178 1282 1212 Soldulum
1299 1179 1431 1212 destrui
1447 1184 1482 1211 et
1498 1180 1608 1212 euerti
1625 1179 1722 1218 fecit,
1738 1179 1876 1212 illorum
1899 1189 2030 1223 cogens
2050 1179 2183 1213 incolas

345 1235 391 1267 ad
415 1234 491 1267 loca
514 1234 583 1266 alia
606 1233 815 1276 demigrare,
839 1242 954 1265 muros
977 1239 1139 1265 euertens
1161 1232 1312 1271 Pastine,
1337 1243 1402 1265 nec
1433 1243 1502 1265 non
1534 1239 1645 1266 turres
1667 1233 1775 1275 ipsius
1804 1233 2000 1275 predictam
2030 1232 2182 1266 Insulam

345 1288 509 1325 similiter,
532 1295 674 1330 tamque
697 1286 806 1329 ipsam
831 1286 982 1318 Insulam
1006 1296 1108 1329 quam
1132 1292 1282 1319 castrum
1305 1286 1445 1318 Pastine
1469 1287 1550 1329 igne
1574 1285 1773 1319 combussit.

432 1342 510 1373 Dux
543 1339 693 1377 Austrie‚
717 1338 933 1383 Lympuldus
956 1340 1107 1381 nomine,
1139 1350 1216 1372 cum
1246 1339 1444 1382 patriarcha
1467 1339 1694 1382 Aquilegensi
1727 1346 1763 1373 et
1791 1340 1869 1372 aliis
1899 1340 2108 1383 supradictis
2136 1339 2182 1373 ab
2205 1340 2248 1372 20
2290 1361 2291 1366 ,

107 1395 219 1442 Κξζὶξξζξ
243 1395 322 1442 „2322
342 1395 557 1437 Imperatore
573 1394 616 1426 de
633 1392 761 1435 Apulia
784 1393 935 1432 rediens,
959 1398 995 1425 et
1018 1393 1064 1425 ad
1080 1403 1205 1435 papam
1222 1393 1355 1425 uadens
1371 1403 1449 1426 cum
1467 1393 1528 1431 eis,
1543 1393 1590 1426 ad
1604 1392 1820 1426 Landulfum
1837 1393 2059 1427 casinensem
2077 1392 2183 1426 abba-

131 1449 322 1497 ‘gmnffi'ssfmffl'
342 1455 409 1482 tem
435 1454 469 1481 et
492 1453 701 1480 conventum
724 1446 876 1479 eiusdem
900 1455 946 1479 ex
969 1451 1068 1489 parte
1090 1446 1313 1489 Imperatoris
1338 1446 1469 1479 litteras
1493 1446 1616 1479 detulit
1637 1447 1674 1479 in
1697 1447 1763 1479 hac
1787 1447 1918 1480 forma:

430 1500 662 1543 Fre[dericus]
686 1505 719 1532 et
740 1505 853 1533 cetera
875 1500 1062 1533 uenerabili
1075 1500 1188 1532 abbati
1203 1499 1385 1539 casinensi,
1401 1505 1434 1532 et
1449 1500 1625 1533 conuentui
1637 1500 1780 1532 eiusdem
1795 1505 1829 1532 et
1843 1504 1966 1533 cetera.
1989 1501 2082 1533 Ecce
2095 1501 2187 1544 quod

171 1556 196 1603 ¹⁶⁸
209 1561 258 1603 2⁸⁹2
344 1556 392 1588 ad
410 1555 691 1599 supplicationem
715 1554 835 1586 dilecti
854 1553 1028 1597 principis
1050 1554 1162 1586 nostri
1181 1554 1274 1586 ducis
1304 1553 1455 1592 Austrie,
1485 1558 1519 1585 et
1547 1552 1683 1592 Stirie',
1714 1565 1754 1587 ac
1784 1553 1986 1586 uenerabilis
2015 1554 2186 1597 magistri

346 1610 460 1641 domus
482 1608 747 1650 Alamannorum
771 1608 887 1640 deuoti
906 1608 1023 1645 nostri,
1047 1608 1234 1651 recepimus
1256 1618 1314 1640 uos
1336 1608 1378 1640 de
1400 1607 1629 1640 habundantia
1652 1608 1794 1651 pietatis
1815 1612 1929 1640 nostre
1959 1608 1996 1640 in
2023 1608 2183 1651 gratiam
2206 1606 2248 1640 25
2295 1615 2297 1618 ⁴

345 1664 544 1707 magestatis
566 1667 691 1702 nostre,
716 1673 843 1694 omnem
865 1663 1033 1706 effinsam,
1056 1673 1157 1705 quam
1180 1666 1298 1695 contra
1321 1666 1471 1694 nostram
1495 1662 1725 1694 excellentiam
1745 1665 1815 1706 pro
1837 1662 1992 1706 presenti
2011 1662 2184 1695 discordia

344 1718 435 1749 inter
457 1728 515 1749 nos
537 1720 569 1748 et
591 1717 759 1749 dominum
778 1718 908 1759 papam
931 1716 1046 1748 habita
1070 1727 1091 1748 a
1113 1715 1290 1759 principio
1306 1716 1517 1748 dissentionis
1532 1726 1635 1759 usque
1649 1716 1686 1747 in
1702 1715 1902 1748 hodiernum
1917 1716 2004 1748 diem
2019 1715 2184 1749 decimum

345 1775 497 1803 octauum
520 1769 659 1814 Aprilis
681 1770 737 1802 iii¹¹
759 1769 942 1802 indictione
965 1769 1034 1801 uisi
1058 1769 1138 1801 estis
1167 1769 1379 1808 commisisse,
1411 1770 1547 1812 penitus
1576 1769 1812 1812 relinquentes.
1862 1768 2019 1802 Ceterum
2050 1779 2090 1801 ea
2119 1779 2184 1812 que

346 1824 438 1856 uobis
458 1824 636 1868 predictus
659 1824 726 1855 dux
750 1827 784 1856 et
806 1824 976 1866 magister
996 1822 1256 1855 Teutonicorum
1272 1823 1455 1855 retulerint
1470 1833 1515 1854 ex
1528 1826 1633 1866 parte
1649 1823 1804 1856 culminis
1819 1823 1939 1861 nostri,
1954 1822 2186 1855 indubitanter

347 1877 504 1910 credatis.
550 1876 680 1909 Datum
709 1876 830 1920 Fogie,
854 1881 887 1909 et
909 1881 1032 1909 cetera.
2206 1876 2249 1910 30
2302 1886 2304 1891 ’

108 1930 188 1977 cmm
212 1930 320 1950 ΟΜΝ·
430 1930 564 1963 Eodem
588 1940 705 1962 mense
729 1930 862 1973 Aprilis
884 1930 919 1962 in
944 1929 1136 1962 Grecorum
1160 1929 1307 1972 imperio
1330 1930 1462 1962 factum
1487 1935 1538 1962 est
1569 1929 1717 1972 prelium
1748 1931 1840 1962 inter
1871 1930 2016 1968 Grecos,
2046 1929 2081 1961 in
2112 1939 2183 1972 quo

345 1983 549 2017 Commiano
574 1990 696 2027 captus
719 1990 782 2022 est,
804 1990 838 2016 et
859 1989 1006 2026 utroque
1030 1983 1160 2016 lumine
1184 1983 1324 2016 orbatus
1337 1982 1361 2016 ⁸.

430 2037 552 2070 Mense
575 2036 689 2070 Madii
714 2036 920 2069 Alamannie
943 2036 1120 2079 principes
1143 2047 1164 2069 a
1186 2047 1278 2079 papa
1300 2037 1346 2069 ad
1370 2035 1535 2069 Cesarem
1559 2037 1718 2076 redeunt,
1741 2037 1865 2069 relicto
1888 2036 2027 2080 Regino
2050 2035 2186 2069 archie-

343 2091 501 2133 piscopo,
524 2101 601 2122 cum
625 2101 692 2132 quo
715 2089 918 2122 Sabinensis
939 2089 1124 2133 episcopus
1146 2096 1181 2122 et
1203 2090 1356 2122 Thomas
1379 2089 1507 2123 Sancte
1531 2088 1660 2123 Sabine
1683 2090 1874 2123 cardinalis
1889 2100 1953 2132 pro
1970 2089 2184 2122 absolutione

344 2143 566 2186 Imperatoris
587 2143 621 2175 in
646 2144 809 2187 Regnum
833 2144 988 2176 ueniunt.
1031 2144 1077 2176 Et
1099 2143 1339 2186 premittentes
1363 2144 1407 2176 ad
1428 2143 1540 2185 ipsum
1563 2143 1812 2186 Imperatorem
1836 2143 2035 2186 magistrum
2061 2143 2184 2175 domus
2207 2141 2248 2174 35

345 2197 627 2235 Alamannorum,
650 2197 708 2240 qui
733 2197 868 2230 uenisse
902 2197 1100 2230 cardinales
1129 2197 1324 2236 annuntiat,
1353 2196 1534 2240 ipsumque
1566 2197 1818 2239 Imperatorem
1847 2202 1886 2229 ut
1916 2196 2036 2229 ueniat
2065 2206 2186 2229 uersus

342 2251 498 2293 Capuam
521 2250 718 2283 accelerare
743 2250 880 2290 debeat,
912 2250 1108 2284 cardinales
1138 2250 1204 2293 ipsi
1228 2260 1305 2282 cum
1329 2249 1427 2293 regni
1450 2250 1606 2292 prelatis,
1629 2250 1689 2293 qui
1712 2261 1733 2282 a
1755 2250 1850 2282 facie
1874 2249 2101 2292 Imperatoris
2130 2248 2185 2281 fu-

435 2361 472 2378 12.
492 2355 619 2386 exceptis
638 2354 761 2386 precipit
781 2356 937 2388 imperator
958 2355 1021 2380 Cod.
1041 2363 1087 2380 con
1105 2354 1233 2379 richiamo
1251 2355 1282 2379 al
1298 2354 1424 2387 margine
1443 2355 1474 2379 di
1490 2354 1602 2379 sinistra
1616 2368 1648 2372 -
1665 2359 1706 2385 17.
1719 2354 1829 2379 destrui
1842 2355 1870 2379 et
1883 2353 2010 2378 comburi
2025 2352 2095 2378 feeit
2106 2352 2182 2378 uon.

344 2406 357 2421 e
376 2397 439 2421 Dm.
457 2396 502 2420 Rs:
520 2410 553 2414 —
573 2403 615 2427 24.
635 2404 751 2421 servuus
771 2396 852 2430 (sicl)
873 2404 1017 2422 servorum
1036 2397 1089 2422 Dei
1109 2397 1205 2422 scrisse
1224 2397 1270 2421 nel
1287 2396 1412 2429 margine
1430 2397 1562 2430 inferiore
1582 2398 1610 2421 la
1629 2397 1710 2421 solita
1729 2405 1805 2421 mano
1824 2397 1870 2421 del
1886 2405 1936 2421 sec.
1957 2396 2043 2420 XIII
2055 2396 2100 2420 nel
2118 2395 2182 2420 Cod.

345 2453 377 2456 —
397 2438 440 2464 26.
459 2440 617 2463 maiestatis
636 2439 711 2464 Uen.
733 2448 746 2463 e
766 2440 828 2464 DEL
847 2439 892 2464 RE

434 2522 440 2539 ¹
462 2530 476 2555 7
497 2531 558 2556 apr.
584 2530 660 2557 ¹²30·
1377 2522 1389 2538 ⁴
1408 2524 1528 2548 Stefano
1548 2524 1579 2549 dl
1597 2523 1919 2557 Anglonn,giustiziere
1939 2523 1969 2547 in
1989 2521 2076 2547 'rem
2089 2522 2118 2547 dl
2132 2521 2185 2547 La-

299 2571 312 2596 5
429 2565 441 2581 2
460 2566 577 2599 Filippo
596 2567 628 2590 de
649 2567 733 2592 Citro
755 2567 943 2592 contestabile
969 2567 1000 2592 dt
1025 2567 1133 2600 Capua,
1158 2568 1234 2600 dopo
1288 2574 1368 2597 voro,
1389 2567 1419 2591 di
1437 2568 1486 2592 cui
1506 2567 1588 2599 parla
1608 2567 1654 2591 nel
1677 2573 1740 2599 1231
1757 2567 1784 2591 lo
1803 2568 1894 2590 stesso
1914 2564 2060 2597 Cronista,
2081 2571 2185 2598 appare

342 2616 423 2633 avere
442 2610 572 2641 eseguito
591 2609 617 2633 le
638 2609 840 2634 fortificazloni
867 2610 898 2634 dl
923 2610 1018 2635 Rocca
1043 2611 1144 2635 Ianula
1166 2618 1181 2635 e
1205 2611 1233 2634 dl
1288 2610 1452 2643 glustlziere
1462 2609 1626 2635 d’Abruzzo
1638 2610 1685 2634 dal
1698 2616 1763 2642 1241
1777 2610 1805 2633 ln
1821 2609 1888 2641 poig
1901 2608 2185 2640 Bonusn,nn.3177,

340 2651 367 2675 S.
387 2650 540 2680 Germano,
560 2651 589 2676 lo
609 2652 756 2676 troviamo
776 2652 798 2676 il
818 2652 835 2676 6
854 2651 915 2683 XII,
938 2653 1005 2685 1238
1024 2660 1104 2678 come
1123 2660 1236 2678 coman—
1291 2652 1369 2684 3189,
1389 2659 1466 2685 3²43·

341 2693 426 2717 dante
446 2694 475 2717 in
495 2693 606 2718 Torino
625 2701 639 2718 e
663 2694 844 2723 Moncalieri,
869 2695 931 2727 agli
956 2695 1052 2719 ordini
1080 2696 1236 2727 dell’impe-
1377 2693 1388 2710 ⁵
1407 2694 1548 2726 Teodoro,
1566 2694 1682 2719 fratello
1696 2694 1726 2719 dl
1739 2694 1862 2719 Michele
1875 2693 1887 2718 I
1901 2693 2014 2726 Angelo
2028 2691 2187 2723 Comneno,
2212 2697 2247 2715 20

342 2737 445 2766 satore,
464 2735 508 2760 del
530 2737 693 2767 margravio
712 2736 856 2761 Mansredi
878 2738 985 2762 Lancia
1004 2745 1019 2761 e
1038 2738 1084 2762 del
1099 2737 1191 2762 Conte
1204 2737 1234 2762 di
1289 2738 1462 2769 imperatore
1481 2737 1511 2761 di
1525 2737 1719 2768 Tessalonica,
1734 2737 1784 2761 che
1798 2743 1887 2760 aveva
1901 2737 2042 2768 occupato
2055 2735 2186 2760 Durazzo

284 2785 315 2802 10
341 2777 458 2806 Savoia:
479 2779 514 2802 cf.
541 2780 677 2810 Excerpta
704 2780 897 2809 Massiliensia,
921 2788 946 2804 n.
976 2779 1025 2805 118
1045 2782 1075 2805 in
1095 2781 1235 2805 anxzn-
1289 2787 1304 2804 e
1323 2777 1414 2804 Corsi:
1433 2780 1466 2804 ed
1487 2787 1533 2804 era
1552 2781 1629 2804 stato
1643 2780 1761 2811 despota
1775 2778 1804 2803 dl
1819 2778 1921 2810 Epir03
1935 2778 1974 2803 cf.
1991 2786 2019 2811 p.
2040 2776 2099 2806 162,
2113 2784 2141 2802 n.
2160 2783 2184 2809 3.

340 2826 437 2850 MANN,
455 2820 476 2849 1,
495 2820 565 2852 6403
584 2822 757 2847 Monumenta
782 2823 912 2847 historiae
932 2823 1055 2854 patriae,
1082 2822 1179 2847 Chart.
1199 2823 1235 2854 11,
1289 2821 1374 2846 Circa
1394 2822 1415 2846 ll
1437 2827 1470 2846 20
1488 2822 1563 2854 VIII,
1588 2828 1655 2854 1229
1673 2821 1730 2853 egli
1749 2828 1818 2845 avea
1838 2828 1907 2853 pure
1926 2820 2023 2845 subito
2037 2820 2064 2844 la
2077 2827 2185 2844 scomu·

343 2861 426 2893 ¹40⁶i
445 2862 581 2894 Romarm,
602 2872 628 2887 n.
648 2870 725 2894 2200,
749 2864 843 2898 ¹3²56·
1289 2865 1355 2888 nica
1374 2864 1402 2888 di
1424 2863 1564 2897 Gregorio
1584 2864 1630 2896 IX,
1652 2871 1701 2896 per
1726 2870 1808 2888 avere
1832 2864 1946 2887 aiutsto
1965 2863 2054 2894 quem
2079 2862 2130 2886 che
2154 2863 2184 2886 ln

427 2902 438 2920 ³
455 2905 509 2929 Per
527 2907 625 2937 questa
645 2908 770 2931 secunda
790 2909 954 2932 scomunica
969 2907 1014 2932 del
1028 2915 1043 2939 4
1058 2915 1116 2940 apr.
1131 2910 1233 2933 contro
1288 2906 1375 2931 Terra
1394 2906 1481 2931 Santa
1501 2907 1722 2931 combattevano
1735 2907 1837 2930 contro
1853 2906 1861 2930 1
1877 2905 1979 2935 lat1n13
1992 2904 2185 2935 Ronanus,
2213 2905 2245 2932 ²5

341 2942 484 2969 Rainaldo
502 2952 517 2969 e
536 2945 683 2977 Bertoldo,
700 2947 762 2980 figli
782 2948 827 2972 del
849 2949 878 2972 fu
893 2947 1022 2973 Con-ado
1036 2949 1109 2973 duca
1122 2949 1149 2973 dl
1165 2948 1233 2981 Spo-
1288 2949 1308 2981 Ι,
1331 2956 1358 2974 n.
1378 2955 1438 2981 399,
1458 2957 1485 2982 p.
1504 2956 1565 2983 320·

284 2991 312 3018 15
341 2986 408 3022 leto,
427 2988 464 3014 cs.
482 2987 674 3022 Rousuaaao,
692 2990 713 3020 1,
733 2998 761 3023 p.
779 2997 841 3024 327,
860 2999 887 3015 n.
910 2998 931 3016 1.
