2320 3444
93 239 168 263 Μυι.»
182 245 202 262 c.
219 245 268 263 10⁴4
311 229 384 264 204

140 376 218 395 auur

248 1664 280 1681 10

248 1876 277 1902 ι5

244 2086 279 2104 20

246 2296 276 2322 ²5

246 2505 279 2531 30

245 2714 277 2741 ³5

247 2923 281 2947 40

764 222 1043 259 RYCCARDI
1073 222 1142 255 DE
1170 219 1380 256 SANCTO
1409 217 1679 254 GERMANO
1839 222 1922 257 [Aa.
1944 222 2140 258 1239-12401

307 360 426 396 firmat,
450 365 484 390 et
506 356 783 390 excommunicat
805 353 995 386 Henricum
1019 352 1211 385 naturalem
1234 351 1340 384 filium
1364 350 1437 384 eius
1460 355 1496 382 et
1520 358 1640 382 omnes
1664 359 1834 392 sequaces
1852 347 1981 381 eorum'
2003 359 2068 392 pro
2084 360 2139 388 eo,

307 413 400 455 quod
423 410 625 448 Mar-chiam,
648 419 749 451 quam
774 407 856 439 iuris
879 416 954 438 esse
977 405 1117 438 dicebat
1139 404 1301 443 ecclesie,
1323 403 1496 436 hostiliter
1518 408 1570 435 est
1592 402 1768 445 ingressus
1781 401 1801 434 ¹.

394 464 514 496 Mense
538 461 738 495 Decembris
759 460 952 502 Imperator
968 464 1050 500 aput
1066 457 1163 490 Pisas
1178 458 1292 490 natale
1309 457 1448 490 Domini
1465 455 1620 488 celebrat
1632 454 1655 487 ³.
1702 454 1859 492 Quidam
1874 455 1983 488 trater
1998 455 2141 500 Helyas,

307 519 364 561 qui
386 518 422 549 in
444 516 593 549 ecclesia
616 514 726 547 sancti
750 512 930 545 Francisci
953 517 1035 553 aput
1058 511 1230 544 Ascisium
1253 511 1416 554 magister
1439 509 1573 542 ordinis
1594 509 1740 541 fratrum
1769 507 1944 541 Minorum
1968 509 2140 549 extiterat,

307 582 369 613 pro
393 581 433 602 eo
457 569 550 612 quod
572 568 664 610 apud
695 566 898 609 Gregorium
929 575 1054 607 papam
1086 565 1222 598 delatus
1252 576 1271 596 a
1302 563 1468 596 fratribus
1499 563 1593 606 quod
1623 562 1724 594 male
1744 562 2040 602 amministrasset,
2061 573 2140 597 eum

305 625 378 666 ipse
402 633 491 665 papa
514 621 557 653 ab
580 619 886 652 amministratione
910 618 1067 656 remouit,
1084 618 1119 650 in
1136 617 1253 650 odium
1269 627 1360 660 pape
1377 617 1584 659 Imperatori
1599 615 1739 648 adhesit
1750 614 1773 648 ³.
1817 615 1954 659 Uigiles
1967 615 2012 649 de
2036 621 2142 650 nocte

304 687 366 719 per
389 675 611 719 Ryccardum
635 674 677 706 de
702 672 925 715 Montenigro
948 671 1166 704 iustitiarium
1189 670 1224 702 in
1248 670 1447 712 principatu
1473 669 1594 712 Capue
1618 668 1738 702 statuti
1758 674 1837 701 sunt
1847 668 1870 701 ⁴.

391 789 609 822 M⁰CC⁰XL⁰.
631 788 752 820 Mense
768 787 921 820 Ianuarii
937 797 1000 828 per
1016 785 1212 827 predictum
1228 784 1451 827 capitaneum
1467 784 1640 827 generalis
1657 783 1807 816 collecta
1823 783 1974 828 exigitur
1986 783 2008 821 ¹⁵,
2024 784 2141 828 Impe-

305 850 417 876 ratore
440 843 640 878 mandante;
664 847 699 874 et
720 847 802 873 tunc
825 840 1022 872 uisitatores
1046 844 1236 871 castrorum
1261 847 1324 880 per
1346 838 1509 882 Regnum
1534 837 1798 877 constituuntur,
1813 847 1878 880 per
1893 847 1981 881 quos
1994 837 2040 870 de
2055 837 2142 871 fide-

305 896 394 929 libus
417 895 570 938 deputati
586 901 663 927 sunt
677 894 794 937 aliqui,
811 893 869 936 qui
887 899 998 925 castra
1013 891 1206 934 imperialia
1222 891 1365 924 uisitent
1380 890 1487 923 semel
1511 891 1549 922 in
1564 890 1795 929 hebdomada,
1818 896 1853 923 et
1875 896 1947 924 tam
1969 890 2015 924 de
2037 890 2143 925 factis

305 950 580 988 castellanorum,
604 958 705 992 quam
729 948 773 980 de
790 957 933 979 numero
949 946 1169 979 seruientium
1187 945 1376 988 diligenter
1390 945 1577 987 inquirant,
1593 944 1754 978 similiter
1776 950 1811 977 et
1826 944 1970 977 defectu
1985 954 2103 978 eorum
2116 947 2140 979 ⁸.

391 1003 512 1035 Mense
535 1001 714 1034 Februarii
731 1011 794 1043 per
811 1001 957 1033 eundem
975 1000 1192 1042 capitaneum
1207 1009 1270 1041 per
1286 1004 1395 1031 totum
1412 999 1573 1041 Regnum
1590 999 1627 1031 fit
1641 998 1819 1041 inquisitio
1834 997 2006 1042 generalis
2021 1003 2144 1032 contra

303 1057 519 1098 impositores
542 1061 577 1087 et
601 1055 809 1088 collectores
831 1054 978 1087 collecte
1001 1052 1188 1095 imperialis
1211 1052 1294 1085 anni
1316 1052 1484 1095 preteriti,
1516 1058 1555 1084 ut
1584 1051 1630 1084 de
1661 1058 1734 1084 sua'
1751 1051 1884 1088 malitia
1913 1061 1978 1095 pro
2006 1051 2142 1086 meritis

393 1213 418 1239 6.
438 1214 591 1238 removerit
610 1213 695 1242 Uen„
713 1212 776 1237 Dar.
794 1212 838 1236 Ra

394 1319 401 1336 ¹
420 1321 577 1345 ΡοττιιΑε-ι·
596 1320 706 1344 calcola
726 1320 746 1343 il
766 1320 880 1343 ritorno
901 1319 945 1343 del
971 1327 1044 1351 papa
1064 1326 1079 1342 a
1101 1319 1192 1343 Roma

306 1371 377 1395 poco
396 1363 487 1394 prima
506 1363 550 1386 del
572 1368 601 1393 17
622 1370 696 1391 nov.¹
716 1362 804 1386 anche
823 1359 924 1394 perche
945 1362 975 1385 in
994 1361 1057 1393 quel
1078 1362 1192 1392 giorno,

306 1406 470 1430 ricorrendo
489 1405 610 1429 l’ottava
623 1404 652 1428 di
666 1404 692 1429 S.
706 1404 842 1435 Mutine,
857 1404 914 1436 egli
929 1401 1076 1428 confer-mo
1089 1403 1118 1427 la
1131 1411 1194 1428 sco-

305 1449 417 1472 munica
430 1449 531 1472 contro
546 1447 743 1480 l’Imperatore,
755 1453 770 1470 e
783 1446 811 1470 la
824 1448 912 1471 estese
925 1446 953 1471 al
967 1446 1100 1478 figliuolo
1114 1445 1193 1471 Enzo

305 1497 319 1514 e
339 1497 354 1514 a
367 1490 460 1514 tuttii
481 1490 543 1513 suoi
558 1489 680 1521 seguaci.
717 1488 772 1512 Tre
789 1489 887 1521 glor-ni
908 1488 994 1520 dopo,
1014 1494 1047 1512 20
1068 1495 1143 1518 nov..
1163 1488 1194 1513 lo

306 1533 396 1556 stesso
416 1538 490 1564 papa
509 1529 626 1555 notifico
646 1532 672 1555 ai
694 1531 808 1555 vescovi
827 1531 857 1554 di
876 1529 1042 1554 Castellana
1055 1538 1069 1554 e
1083 1531 1113 1555 di
1127 1531 1194 1554 Tre—

305 1575 369 1598 viso
388 1574 416 1598 la
435 1573 600 1598 scomunica
619 1580 633 1597 e
651 1573 830 1598 l’interdetto
843 1574 946 1598 contro
958 1572 1076 1597 Ezelino
1090 1573 1124 1597 da
1137 1573 1193 1597 Ro-

304 1623 398 1645 mano,
417 1615 605 1640 dichiarando
626 1615 704 1639 nulle
722 1617 797 1640 tutte
814 1615 840 1639 le
860 1615 1042 1639 concessioni
1061 1615 1110 1639 che
1129 1623 1194 1647 que-

305 1658 343 1682 sti
355 1664 444 1682 aveva
454 1658 542 1682 avuto
555 1657 807 1689 dall’imperatore3
821 1656 1014 1687 Romnum.
1026 1657 1048 1686 1,
1059 1664 1087 1690 p.
1106 1656 1194 1690 658-9.

391 1698 402 1715 ²
421 1699 474 1723 Nel
500 1699 644 1724 decembre
669 1699 857 1732 l'imperatore
881 1698 965 1731 passo
990 1699 1026 1723 da
1050 1699 1153 1723 Parma
1178 1707 1193 1723 a

303 1742 488 1773 Pontremoli,
509 1741 638 1772 Sarzann,
656 1740 750 1766 Lucca
768 1748 783 1766 e
802 1742 870 1766 1122
890 1740 972 1766 entre
987 1741 1032 1766 nel
1044 1742 1194 1766 territorio

305 1784 333 1808 di
353 1783 428 1808 Pisa.

391 1824 402 1841 ³
421 1826 458 1850 Di
478 1827 579 1858 questo
601 1826 673 1851 fatto
694 1826 788 1851 molto
807 1827 831 1850 si
851 1826 930 1850 dolse
949 1826 1143 1858 l’imperatore
1162 1826 1193 1850 in

304 1875 359 1892 una
378 1875 427 1892 sua
446 1868 547 1893 lettera
559 1871 710 1901 assegnata
721 1870 936 1893 erroneamente
949 1869 996 1892 dal
1010 1868 1155 1901 Wadding
1167 1868 1195 1892 al

306 1909 339 1934 16
358 1911 471 1943 maggio
489 1909 600 1943 (Annal.
619 1912 731 1942 Minor„
751 1912 807 1942 cit.,
822 1911 843 1940 Ι,
856 1918 883 1944 p.
898 1909 961 1943 579)
974 1918 988 1935 e
1003 1912 1037 1935 da
1050 1911 1195 1935 Huillard-

304 1950 448 1977 Breholles
467 1953 511 1983 (V,
531 1960 578 1986 pp.
596 1952 691 1986 346-7)
709 1954 738 1977 ai
757 1954 842 1985 primi
863 1953 908 1977 del
927 1953 1029 1986 luglio,
1043 1954 1151 1978 mentre
1166 1954 1196 1977 fu

305 1996 405 2019 scritta
424 1995 469 2019 nel
489 1995 647 2020 decembre:
668 1996 801 2024 Boi-mun,
821 2003 848 2020 n.
868 1994 946 2028 2685.

392 2037 457 2062 Non
478 2038 565 2062 mossl
583 2039 618 2062 da
637 2038 717 2066 odio,
736 2038 792 2070 egli
812 2038 885 2068 dice,
903 2037 937 2062 ne
962 2045 1012 2070 per
1036 2045 1196 2071 provocare

307 2087 344 2104 un
364 2079 487 2104 dissidio
507 2081 557 2105 noi
571 2081 735 2105 scriviamo.
752 2080 764 2093 “
774 2080 883 2105 Revera
896 2088 970 2113 papa
982 2081 1036 2106 iste
1049 2082 1197 2113 quemdam

308 2120 499 2153 “religiosum
518 2123 545 2146 et
565 2122 730 2146 timoratum
751 2121 869 2146 fratrem
886 2122 1012 2154 Helyam,
1033 2123 1197 2147 ministrum

307 2162 445 2187 “ordinis
464 2164 585 2188 fratrum
610 2163 763 2193 Minorum,
788 2164 825 2188 ab
850 2165 912 2196 ipso
931 2165 1014 2190 beato
1039 2164 1195 2190 Franclsco

308 2205 412 2237 “patre
431 2206 543 2230 ordinis
564 2207 747 2238 migrationis
772 2213 820 2230 sue
844 2208 973 2239 tempore
996 2209 1196 2239 constitutum,

306 2248 381 2280 “pro
401 2255 434 2272 eo
454 2248 528 2280 quod
553 2256 648 2273 amore
675 2249 787 2273 iusticie
811 2249 858 2273 cui
882 2251 924 2273 est
949 2250 1033 2273 corde
1057 2252 1085 2274 et
1110 2257 1195 2282 opere

308 2289 487 2321 “dedicatus,
506 2297 600 2322 pacem
620 2291 733 2322 imperii
755 2298 932 2323 promovens,
952 2299 1052 2316 nomen
1066 2294 1194 2316 nostrum

308 2331 466 2356 “honorem
485 2334 513 2356 et
530 2333 635 2356 bonum
657 2334 734 2364 pacis
753 2333 934 2358 evidentibus
954 2334 1071 2359 indiciis
1090 2342 1195 2367 propo·

307 2372 321 2385 “
332 2373 424 2401 nebat,
443 2373 473 2397 in
493 2373 591 2397 odium
611 2375 739 2398 nostrum
761 2382 776 2398 a
795 2374 944 2398 ministero
963 2375 1097 2407 generali,
1115 2383 1193 2400 reve-

307 2415 320 2428 “
331 2416 423 2440 rentla
442 2415 552 2440 Christi
572 2417 735 2448 postposita
754 2419 781 2441 et
799 2418 871 2441 iuris
884 2419 975 2442 sancti
988 2417 1133 2443 Franciscl
1147 2426 1193 2443 or-

307 2456 481 2481 “dinatione
499 2459 671 2490 contempta,
691 2459 832 2490 deposuit,
852 2459 1024 2483 divisionem
1044 2461 1072 2484 in
1098 2461 1194 2485 fratri-

307 2499 382 2523 “bus
403 2500 509 2524 faciens
528 2502 556 2525 et
574 2501 821 2525 inordinationem
841 2503 870 2526 et
888 2503 1140 2535 sectionem....„.

391 2538 401 2554 ⁴
420 2539 623 2566 L‘istItuzione
642 2541 718 2565 della
736 2543 855 2574 guardia
869 2543 1009 2567 cittadina
1022 2551 1037 2568 a
1050 2544 1193 2568 sicurezza

306 2582 380 2607 della
399 2581 478 2615 cittii,
499 2584 576 2609 detta
595 2584 702 2608 Sciorta
721 2592 738 2608 o
757 2585 850 2609 Χηνέα
870 2586 915 2609 nei
936 2586 1068 2619 Capitoli
1093 2587 1137 2611 dei
1165 2595 1193 2611 re

306 2624 464 2657 Aragonesi
484 2624 627 2658 (Capu'tula
647 2627 742 2659 Regni
754 2627 876 2658 Siciliae,
888 2635 947 2659 cap.
962 2628 1026 2652 LVI
1039 2628 1068 2652 di
1083 2636 1111 2653 re
1124 2627 1193 2654 Gia—

305 2674 386 2691 como
404 2676 418 2691 e
437 2667 515 2692 XVII
529 2668 559 2692 di
571 2668 710 2694 Federieo
730 2668 913 2702 d¹Aragona),
932 2670 1018 2694 risale
1031 2671 1088 2695 alia
1101 2671 1192 2696 domi-

306 2710 425 2734 nuzione
450 2711 637 2740 musulmana,
662 2718 743 2736 come
767 2711 821 2736 ben
846 2710 988 2736 dimostro
1016 2712 1053 2737 M.
1080 2714 1193 2743 Amani,

308 2751 399 2775 Storia
418 2752 463 2776 dei
481 2753 647 2778 Musulmani
664 2754 691 2778 in
711 2754 817 2784 Sicilia,
839 2761 849 2778 1
871 2754 954 2785 ediz.,
972 2755 1020 2783 111,
1040 2762 1065 2787 p.
1086 2756 1145 2787 890.
1171 2746 1192 2780 1³:

307 2793 440 2818 notevole
458 2794 507 2818 che
526 2795 556 2818 in
577 2797 675 2826 questo
694 2803 759 2820 caso
778 2795 812 2821 R.
837 2797 910 2828 parli
936 2797 964 2820 di
991 2797 1085 2829 vigili,
1110 2805 1193 2822 nome

306 2836 419 2859 entrato
439 2835 475 2859 da
493 2837 587 2869 tempo
608 2837 728 2862 nell'uso
748 2845 880 2867 comune,
904 2839 940 2863 cs.
959 2838 992 2864 C.
1011 2839 1046 2863 A.
1066 2839 1192 2870 Guium,

306 2875 349 2898 La
364 2875 561 2906 giurisdizione
580 2878 728 2903 annonaria
748 2879 915 2909 Municipale
934 2880 979 2904 nei
989 2880 1071 2904 secoli
1082 2881 1166 2904 XIII
1180 2889 1193 2904 e

308 2917 388 2941 XJV.
424 2917 629 2949 L’Acatapania
649 2929 662 2944 e
680 2921 705 2944 le
724 2921 807 2946 Mete.
848 2921 1001 2946 Contributa
1023 2923 1081 2946 alla
1102 2923 1193 2947 istoria

308 2959 451 2983 economica
470 2960 501 2983 di
518 2962 624 2991 Sicilia,
643 2962 747 2987 Arch.
772 2963 870 2987 Stor.
895 2963 977 2994 Sic.,
998 2965 1032 2989 N.
1050 2965 1086 2993 S.,
1106 2964 1192 2993 XXII.

309 3001 374 3026 fasc.
394 3009 451 3033 1-11,
471 3004 607 3033 Palen-mo,
628 3005 703 3037 1897,
723 3014 749 3037 p.
771 3013 819 3038 132
838 3014 853 3031 e
872 3014 913 3039 sg.

1334 1316 1345 1332 ⁵
1363 1317 1568 1342 Sull'esazione
1587 1317 1661 1342 delle
1686 1318 1806 1343 collette
1830 1317 2029 1350 l’imperstore
2054 1325 2144 1343 avers

1246 1360 1378 1385 stabilito
1396 1361 1423 1385 le
1437 1368 1486 1385 sue
1500 1367 1595 1384 nuove
1608 1367 1708 1385 norme
1721 1367 1775 1385 con
1788 1360 1892 1384 ordIne
1905 1360 1950 1385 dei
1971 1366 1985 1392 5
2004 1359 2039 1392 X,
2061 1367 2143 1393 12393

1247 1402 1593 1433 iiuuLAan-Bntnormas,
1615 1403 1648 1431 V.
1668 1410 1716 1435 pp.
1735 1401 1832 1434 414-83
1858 1402 1995 1432 Bonus-a,
2012 1410 2041 1428 n.
2065 1406 2144 1436 ²49⁵·

1246 1445 1310 1477 Egli
1332 1452 1422 1470 aveva
1441 1446 1578 1470 ordinato
1598 1452 1648 1478 per
1667 1437 1800 1470 cias'cuna
1819 1445 1938 1478 regione
1960 1446 1969 1469 l
1994 1445 2059 1470 suoi
2085 1444 2145 1470 uffi-

1247 1487 1324 1516 ciali,
1343 1488 1370 1511 ai
1388 1487 1466 1519 quali
1488 1488 1495 1511 i
1517 1487 1625 1520 singoli
1645 1487 1766 1512 esattori
1787 1487 1940 1512 dovevnno
1965 1493 2077 1512 versare
2101 1487 2143 1520 gli

1246 1530 1362 1554 introiti
1384 1531 1428 1554 coi
1448 1530 1564 1554 relativi
1585 1530 1676 1554 conti.
1713 1530 1814 1555 Aveva
1832 1531 1899 1555 anzi
1926 1530 2060 1555 stabilito
2087 1529 2144 1555 “ut

1249 1572 1262 1585 “
1274 1572 1354 1597 nulla
1373 1573 1493 1597 omnino
1507 1573 1628 1605 pecunia
1642 1572 1677 1597 ad
1691 1572 1819 1604 aliquam
1833 1573 1959 1605 ipsorum
1974 1571 2144 1598 officialium

1250 1614 1318 1639 “vel
1344 1614 1434 1639 alium
1459 1615 1524 1639 loco
1549 1615 1611 1639 eius
1636 1614 1737 1640 debeat
1762 1614 1920 1647 pervenire,
1946 1614 1994 1639 sed
2018 1615 2144 1648 singuiis

1250 1657 1263 1670 “
1274 1657 1406 1682 kalendis
1418 1657 1541 1689 quilibet
1555 1665 1651 1682 eorum
1665 1665 1716 1691 per
1728 1664 1793 1682 suas
1806 1657 1922 1682 lietera·
1936 1664 2056 1689 quarum
2069 1656 2144 1691 apud

1249 1698 1263 1712 ‘¹
1274 1707 1303 1724 se
1321 1700 1458 1724 retinebit
1475 1700 1645 1732 exemplum,
1664 1699 1764 1724 eodem
1782 1699 1840 1725 tibi
1858 1700 1910 1724 sub
1923 1701 1976 1725 tuo
1988 1699 2090 1732 sigillo
2103 1706 2144 1725 re-

1249 1742 1373 1773 “misso‚
1392 1743 1520 1768 studiose
1545 1743 1601 1767 tibi
1627 1742 1820 1774 quantitatem
1845 1741 1987 1775 significet
2010 1742 2147 1776 colligen-

1248 1783 1262 1797 “
1273 1784 1347 1814 dam,
1367 1787 1463 1817 aperte
1481 1785 1663 1818 distinguens
1683 1791 1719 1809 ex
1737 1791 1793 1817 qua
1812 1791 1896 1809 causa
1907 1786 1937 1809 et
1949 1791 2006 1817 quo
2018 1784 2146 1810 termino

1249 1825 1262 1839 ‘⁴
1273 1828 1408 1852 debeatur
1421 1829 1449 1852 et
1463 1828 1626 1859 exprimens
1641 1827 1778 1852 distincte
1793 1827 1912 1852 nomina
1925 1826 2096 1852 debitorum.
2107 1835 2145 1856 ..ς

1248 1869 1482 1894 “nichilominus
1502 1869 1633 1901 quolibet
1652 1877 1741 1900 anno,
1760 1876 1856 1894 mense
1874 1869 2012 1894 videlicet
2029 1869 2146 1902 augusti

1248 1912 1364 1937 “totius
1383 1913 1502 1945 pecunie
1521 1919 1659 1937 summam
1679 1919 1730 1944 per
1748 1913 1777 1937 te
1796 1911 1890 1936 suerat
1909 1911 2077 1944 colligenda
2101 1917 2146 1936 ve-

1247 1954 1260 1967 ·
1271 1955 1376 1979 raciter
1393 1956 1422 1979 et
1441 1954 1577 1979 distincte
1591 1955 1651 1979 suis
1665 1954 1750 1978 nobis
1764 1953 1864 1979 lictere
1878 1954 2044 1979 intimando
2056 1969 2080 1986 ¹‚.
2103 1951 2146 1979 La

1246 2003 1355 2021 somma
1374 1995 1502 2021 raccolta
1520 1996 1631 2020 doveva
1650 2003 1725 2020 esser
1745 1997 1858 2021 versata
1877 1997 1907 2020 ln
1928 1996 2024 2020 alcuni
2043 1994 2146 2028 luoghi

1246 2039 1439 2068 determinati,
1460 2037 1473 2052 ἵ(
1485 2039 1515 2062 in
1535 2045 1592 2070 quo
1612 2039 1755 2063 scrineum
1774 2045 1834 2064 esse
1853 2038 1985 2063 volumus
1997 2037 2091 2063 tribus
2103 2037 2145 2063 di·

1248 2080 1262 2094 “
1273 2081 1363 2106 versis
1383 2081 1522 2111 clavibus,
1542 2082 1591 2105 tua
1608 2082 1638 2105 et
1655 2080 1777 2106 duorum
1797 2081 1887 2114 ipsius
1906 2081 1965 2106 loci
1979 2080 2104 2106 divitum
2117 2081 2146 2106 et

1249 2121 1262 2135 α
1274 2123 1401 2148 fidelium
1420 2123 1530 2148 civium
1550 2124 1758 2148 communitum
1767 2139 1792 2155 „.
2070 2120 2072 2123 ¹

1334 2164 1345 2182 ⁸
1363 2165 1416 2190 Per
1435 2166 1604 2196 l'Abruzzo,
1623 2166 1712 2190 Terra
1731 2166 1760 2190 dl
1782 2166 1908 2195 Lavoro,
1925 2165 2039 2195 Melite,
2062 2164 2145 2190 Prin·

1247 2209 1345 2240 cipato
1363 2216 1378 2233 e
1396 2209 1608 2239 Beneventano,
1629 2208 1794 2238 Basilicata,
1805 2210 1879 2233 terre
1891 2208 1921 2232 di
1935 2208 2001 2232 Bari
2014 2215 2030 2232 e
2042 2206 2146 2233 Oti-su-

1246 2252 1286 2280 to,
1306 2250 1408 2276 Sicilia
1427 2259 1442 2275 e
1461 2250 1596 2275 Calabria
1616 2250 1674 2274 fino
1694 2259 1709 2275 a
1728 2251 1816 2275 Porta
1835 2250 1942 2275 Roseto
1961 2258 1976 2275 e
1988 2249 2090 2275 sicma
2103 2249 2146 2276 ol-

1246 2295 1289 2317 tre
1309 2293 1330 2317 il
1350 2292 1432 2318 fiume
1450 2292 1542 2323 Salso,
1562 2292 1700 2317 Federico
1726 2293 1752 2317 11
1778 2292 1874 2317 istitui
1901 2293 1912 2317 i
1933 2293 2146 2326 “provisor-es,

1247 2335 1291 2360 dei
1312 2335 1426 2360 castelli
1445 2342 1498 2360 con
1519 2342 1573 2359 suo
1593 2335 1728 2360 mandato
1742 2335 1788 2360 del
1804 2341 1817 2367 5
1831 2335 1865 2365 Χ,
1882 2341 1964 2368 ι239ς
1982 2334 2146 2360 numm-

1247 2377 1429 2409 Bmirrormns,
1453 2378 1488 2408 V,
1507 2385 1555 2411 pp.
1575 2385 1671 2410 41¹·43
1699 2378 1837 2408 Bouana,
1857 2386 1883 2402 n.
1904 2384 1982 2411 ²494·
2017 2377 2032 2402 1
2057 2376 2146 2410 “pto-

1249 2419 1263 2433 “
1274 2421 1383 2445 visores
1393 2439 1405 2451 „
1427 2421 1579 2445 dovevano
1593 2422 1661 2452 ogni
1675 2422 1720 2445 tre
1733 2421 1803 2445 mesi
1819 2421 1998 2453 ispezionare
2011 2421 2020 2444 i
2033 2418 2146 2445 castelli

1247 2462 1322 2487 delle
1341 2463 1406 2487 loro
1425 2463 1642 2495 giurisdizioni‚
1662 2470 1676 2487 e
1695 2463 1853 2496 compilare
1872 2470 1910 2487 un
1936 2462 2075 2496 rapporto
2097 2461 2148 2486 che

1246 2507 1413 2530 contenesse
1443 2507 1451 2529 i
1479 2507 1558 2530 nomi
1584 2506 1629 2530 del
1654 2505 1816 2534 castellani,
1842 2505 1999 2530 indicando
2028 2504 2052 2529 11
2079 2503 2147 2529 loro

1247 2547 1335 2580 luogo
1361 2548 1390 2572 di
1418 2549 1540 2578 nascita,
1564 2548 1587 2572 il
1616 2556 1733 2572 numero
1758 2547 1804 2572 del
1830 2546 2012 2572 “servientes
2022 2564 2047 2578 ,„
2072 2546 2147 2572 deile

1247 2591 1349 2622 truppe
1369 2590 1507 2615 residenti
1526 2591 1556 2614 in
1577 2591 1647 2623 ogni
1667 2589 1787 2615 castello
1805 2597 1829 2621 e,
1848 2591 1879 2614 in
1892 2589 2004 2618 ultimo,
2019 2589 2147 2614 indicare

1246 2640 1275 2656 se
1294 2633 1316 2656 li
1336 2633 1510 2658 ritenessero
1537 2639 1555 2657 o
1581 2641 1633 2665 pur
1660 2640 1699 2658 no
1725 2633 1888 2657 sufficienti.
1927 2631 1980 2656 Per
2005 2632 2146 2665 maggior!

1247 2674 1427 2706 particulari,
1447 2674 1484 2699 cs.
1503 2675 1534 2700 E.
1554 2674 1708 2704 STHAMER,
1734 2674 1789 2699 Die
1817 2675 1991 2706 Vaerwaltung
2015 2675 2064 2698 der
2089 2674 2146 2699 Ka-

1246 2718 1323 2741 stelle
1343 2717 1379 2741 im
1400 2717 1571 2749 Kb'nigreiclt
1592 2717 1706 2742 Sizilr'aen
1719 2721 1799 2742 anter
1817 2717 1919 2741 Kaisar
1942 2716 2089 2741 Friedrich
2114 2716 2152 2742 II

1246 2759 1301 2782 und
1325 2759 1400 2782 Karl
1424 2760 1442 2782 I
1464 2767 1515 2783 vem
1540 2759 1630 2791 Anjou
1655 2758 1723 2791 (Die
1746 2759 1854 2783 Bauten
1873 2758 1923 2782 der
1944 2757 2147 2790 Hohenstausen

1246 2801 1273 2824 in
1297 2801 1487 2828 Unteritahkn,
1508 2801 1776 2834 Ergtiinzungsband,
1796 2800 1817 2829 1,
1837 2800 1967 2833 Leipzig,
1983 2807 2059 2833 1914,
2071 2807 2099 2832 p.
2112 2807 2145 2833 35

1244 2849 1259 2867 e
1277 2842 1339 2875 sg.).

1334 2875 1356 2908 ὲ
1376 2885 1475 2909 chlaro
1496 2885 1545 2909 che
1572 2885 1647 2910 nelle
1671 2884 1839 2910 eondizioni
1864 2883 1982 2916 speciali
2010 2884 2055 2909 del
2083 2891 2143 2909 mo-

1247 2928 1343 2951 mento
1363 2926 1388 2950 si
1408 2927 1517 2951 vollero
1537 2928 1638 2952 render
1655 2927 1682 2952 le
1700 2928 1787 2952 visite
1813 2927 2001 2955 settimannli,
2024 2926 2144 2951 affidan-

1247 2969 1321 2992 done
1341 2969 1368 2992 la
1388 2977 1454 2993 cura
1474 2970 1509 2994 ad
1531 2970 1643 2994 uomini
1662 2970 1693 2994 di
1718 2969 1820 2993 fiducia
1845 2969 1922 3002 degli
1950 2970 2032 2993 stessi
2060 2976 2145 3001 prov·

1251 3011 1388 3035 veditori.

2168 891 2208 925 lo
2215 895 2239 926 2-
2245 902 2252 937 ᾖ

2170 1389 2313 1438 45ζέ

2171 1616 2315 1652 so

2171 1832 2318 1861 55

2173 2466 2209 2494 70

2173 2676 2206 2704 ⁷⁵

2172 2885 2208 2922 8⁰,
