2320 3444
31 563 34 570 ι

19 581 40 611 ’Ὗ
66 598 86 632 5

12 622 41 642 ‘s

10 1162 30 1227 {3²
49 1186 88 1220 15

8 2143 13 2152 r

61 2378 93 2397 ro

6 2601 23 2630 :³
62 2595 92 2622 ις

9 2789 24 2821 ’ῗῖ
62 2805 97 2824 20

1 3001 30 3043 ;·.Ϊ
64 3015 96 3043 ²5

107 260 193 294 [ΛΑ.
213 259 410 295 1235-12361

885 224 1170 291 CHRONICA

1878 247 1946 290 191

105 388 283 431 requirere
308 387 499 432 quemlibet
523 388 774 430 predictorum,
797 398 942 432 quorum
966 389 1108 421 nomina
1130 389 1196 420 hec
1220 393 1315 421 sunt:
1332 387 1519 420 Tacconus
1534 387 1634 419 miles
1649 387 1693 419 de
1717 386 1953 425 Pontecuruo‚

107 439 314 484 Raynaldus
336 441 522 485 Belegrimi
546 441 591 474 de
615 440 745 474 Sancto
768 441 892 485 Helya,
917 442 1117 485 Roggerius
1140 442 1185 474 de
1208 441 1430 474 Laudenulfo
1454 446 1490 473 et
1512 440 1720 484 Raynaldus
1743 440 1786 473 de
1802 439 1953 472 Paterno

108 493 153 527 de
177 492 307 528 Sancto
332 495 519 527 Germano.

566 494 611 527 Et
625 500 663 527 ut
685 505 791 528 rocca
814 495 890 537 ipsa
913 495 1016 527 citius
1038 495 1238 533 muniretur,
1262 504 1325 536 per
1339 495 1432 537 ipsos
1449 494 1608 526 dominos
1623 493 1660 525 in
1676 499 1769 526 terra
1785 493 1955 526 Fundana

107 553 203 580 certa
225 547 370 591 singulis
391 548 567 580 mensibus
590 548 741 591 pecunie
765 548 939 590 quantitas
962 554 1014 581 est
1036 554 1178 586 statuta3
1202 554 1237 580 et
1261 548 1398 580 demum
1415 558 1452 579 se
1476 553 1561 590 aput
1584 547 1774 589 Melphiam
1797 547 1834 579 in
1858 545 1954 589 Apu-

107 600 190 632 liam
214 601 446 634 contulerunt.

196 654 331 687 Eodem
354 665 472 687 mense
495 655 583 687 Iunii
607 655 650 688 de
675 655 838 688 felicibus
860 654 1082 697 Imperatoris
1105 655 1267 697 auspiciis
1290 655 1404 687 littere
1428 660 1600 687 uenerunt
1623 655 1660 687 in
1678 655 1851 698 Regnum,
1869 664 1955 697 quo-

108 707 212 740 modo
235 708 328 750 apud
353 707 542 740 Sibidatum
565 719 586 740 a
607 708 825 751 principibus
848 708 984 751 imperii
1008 718 1134 751 magno
1151 710 1265 740 fuerat
1282 719 1358 740 cum
1376 709 1508 740 honore
1526 714 1698 750 receptus.

1742 709 1822 752 Ipso
1839 718 1955 740 mense

109 760 206 793 nullo
230 761 386 794 obstante
409 761 653 794 Alamanniam
676 762 818 799 intrans,
842 761 1033 794 Henricum
1058 772 1176 805 regem
1200 762 1305 793 filium
1329 772 1426 793 suum
1450 761 1654 794 redeuntem
1686 762 1732 794 ad
1754 762 1954 794 mandatum

11 855 12 858 Ἴ
109 823 205 846 suum
227 815 380 858 recepit3
405 826 506 858 quem
529 815 611 847 duci
634 815 804 847 Bauuarie
829 814 1093 847 custodiendum
1118 814 1321 847 commisst'.

14 861 37 873 ’
24 867 87 902 10
109 877 130 899 a
151 867 353 910 magistratu
376 868 492 910 operis
515 877 619 901 rocce
641 867 771 906 Ianule,
795 873 830 900 et
852 867 1002 900 Iacobus
1026 869 1072 900 de
1095 867 1229 900 Molino
1253 867 1451 900 substitutus
1476 873 1527 900 est
1550 868 1613 901 illi.

1367 814 1550 857 Philippus
1572 815 1615 847 de
1632 815 1731 848 Citro
1748 822 1881 848 amotus
1904 820 1956 847 est

198 919 320 953 Mense
343 921 423 953 Iulii
445 921 635 964 imperator
657 920 760 953 filiam
784 921 876 964 regis
898 920 1025 964 Anglie
1048 921 1144 953 duxit
1167 931 1322 959 uxorem,
1347 932 1449 964 quam
1466 928 1548 963 aput
1566 921 1807 955 Guarmaciam
1825 922 1958 966 magni-

110 974 176 1007 fice
201 973 427 1017 desponsauit
439 973 461 1007 ¹.

198 1081 387 1114 Millesimo
410 1079 626 1114 CO'XXXV
631 1079 669 1113 1⁰.

716 1079 839 1113 Mense
862 1081 1013 1114 Ianuarii
1036 1081 1229 1124 Imperator
1251 1081 1358 1113 filium
1382 1092 1480 1113 suum
1504 1082 1695 1114 Henricum
1718 1083 1780 1116 sub
1805 1084 1874 1115 fida
1898 1094 1957 1116 cu-

110 1135 226 1167 stodia
241 1145 306 1177 per
327 1134 562 1166 marchionem
587 1134 727 1166 Lancee
750 1134 856 1166 mittit
878 1134 912 1166 in
937 1134 1111 1177 Regnum,
1134 1140 1170 1166 et
1191 1134 1228 1166 in
1251 1133 1381 1176 Apulia
1397 1135 1434 1166 in
1451 1145 1556 1167 rocca
1573 1145 1641 1178 que
1658 1136 1784 1168 dicitur
1807 1137 1957 1169 Sanctus

112 1187 212 1221 Felix
234 1188 425 1220 seruandus
448 1186 595 1220 traditur
606 1186 629 1220 ³.

111 1246 147 1274 et
169 1246 305 1274 ueteres
328 1240 453 1274 cassati
474 1246 552 1273 sunt
567 1241 590 1272 ⁴.

675 1187 753 1220 Hoc
776 1197 866 1220 anno
889 1187 983 1220 iussu
1006 1187 1228 1230 Imperatoris
1251 1188 1438 1220 Brundusii
1460 1189 1542 1220 noui
1557 1189 1757 1231 imperiales
1773 1191 1958 1229 cuduntur,

636 1241 819 1274 Generalis
842 1241 990 1274 collecta
1012 1241 1049 1273 in
1073 1242 1199 1286 Regno
1222 1242 1374 1283 ponitur,
1398 1247 1432 1274 et
1456 1247 1538 1274 tunc
1562 1253 1626 1284 pro
1657 1244 1865 1276 adoamento
1897 1244 1958 1275 irn-

111 1294 234 1336 periali
257 1294 406 1327 collecte
429 1301 509 1327 sunt
533 1295 578 1327 de
599 1301 691 1327 terra
715 1295 913 1327 monasterii
937 1294 1137 1327 Casinensis
1160 1295 1265 1328 uncie
1290 1305 1344 1327 cn.

200 1347 323 1380 Mense
347 1347 437 1380 Iunii
459 1347 494 1379 in
518 1348 638 1392 uigilia
661 1348 896 1390 apostolorum
919 1348 1015 1380 Petri
1039 1354 1074 1380 et
1098 1347 1196 1380 Pauli
1222 1354 1325 1391 capta
1349 1355 1400 1381 est
1431 1347 1607 1388 Corduba,
1638 1349 1854 1383 nobilissima
1880 1351 1960 1383 Sar-

113 1410 317 1433 racenorum
348 1400 483 1440 ciuitas,
513 1411 581 1444 qua
610 1407 727 1443 preter
757 1401 907 1434 Romam
936 1401 1277 1444 Constantinopolim
1302 1407 1337 1433 et
1359 1401 1541 1446 Hispalym
1565 1402 1661 1434 nulla
1684 1403 1791 1436 maior
1814 1404 1850 1435 in
1875 1403 1958 1436 orbe

10 1446 17 1461 ’
15 1455 92 1487 20
112 1453 239 1486 dicitur
260 1465 282 1486 a
304 1453 484 1486 Ferrando
508 1454 767 1487 cristianissimo
789 1464 871 1498 rege
894 1454 1014 1488 Toleti
1036 1460 1072 1487 et
1097 1454 1286 1488 Castelle⁶.

542 1534 697 1567 Corduba
718 1535 810 1567 uicta
831 1535 929 1577 iaces,
954 1539 988 1567 te
1010 1535 1095 1567 uicit
1115 1540 1154 1567 ut
1174 1535 1250 1568 Deo
1274 1546 1373 1568 uaces

545 1587 665 1620 Uictor
686 1587 898 1630 Ferrandus,
921 1587 1104 1632 Hyspanie
1127 1600 1188 1621 rex
1210 1589 1454 1622 memorandus.

206 1668 330 1702 Mense
352 1668 429 1701 Iulii
453 1669 489 1700 in
512 1668 604 1701 festo
627 1674 825 1701 sanctorum
846 1669 985 1701 Nazarii
1009 1675 1043 1702 et
1065 1668 1161 1702 Celsi
1183 1669 1380 1702 Landulfus
1396 1668 1613 1703 Senebaldus
1637 1670 1836 1704 Casinensis
1853 1672 1959 1705 abbas

114 1722 268 1755 feliciter
291 1729 373 1764 aput
394 1721 557 1755 Casinum
582 1721 683 1758 obiit3
708 1722 805 1754 cuius
827 1721 942 1755 obitus
964 1734 1029 1766 per
1051 1723 1196 1755 fratrem
1221 1722 1391 1755 Iulianum
1421 1724 1628 1755 monachum
1652 1724 1874 1757 Casinensem
1900 1727 1962 1758 do-

117 1830 254 1873 accepit
267 1828 290 1863 ⁸.

12 1768 30 1814 2*
50 1775 92 1809 25
115 1776 218 1809 minis
240 1776 346 1809 Curie
369 1775 561 1819 imperialis
584 1775 643 1819 qui
665 1782 744 1808 sunt
766 1775 800 1808 in
826 1775 956 1819 Apulia
982 1777 1175 1814 nuntiatur;
1200 1788 1220 1809 a
1244 1776 1369 1820 quibus
1391 1777 1546 1820 eligendi
1569 1777 1745 1811 licentiam
1770 1785 1962 1811 conuentus

208 1949 232 1968 2.
251 1943 436 1975 Raymundus
455 1943 598 1976 Pelegrini
619 1942 695 1968 Uen.
714 1951 728 1967 e
746 1943 810 1968 Dat
828 1943 872 1968 RE
892 1956 925 1961 —
947 1951 987 1970 11.
1006 1943 1081 1976 apud
1102 1944 1168 1969 tutti
1185 1953 1199 1968 e
1217 1947 1326 1976 quattro
1342 1945 1391 1976 gli
1408 1944 1510 1969 editori
1528 1960 1559 1964 —-
1583 1951 1623 1970 12.
1643 1943 1760 1978 [Eodem
1780 1954 1874 1970 mense
1887 1945 1960 1970 Lan-

120 1986 216 2011 dulfus
235 1984 402 2010 Cannensis
420 1985 507 2010 abbas
526 1986 557 2010 in
578 1985 651 2010 festo
670 1987 834 2010 sanctorum
853 1985 969 2010 Nazarii
987 1987 1024 2011 et.

1035 2002 1042 2010 .
1054 2005 1059 2010 .
1071 1984 1089 2019 .]
1103 1986 1156 2018 gi&
1176 1987 1291 2017 aptanti,
1310 1987 1346 2011 ed
1361 1995 1410 2011 ora
1430 1987 1516 2011 deleti
1535 1987 1597 2011 Cod.
1617 1987 1715 2012 Psnrz
1735 2001 1767 2005 —-
1797 1987 1837 2012 16.
1862 1989 1962 2013 adora-

120 2030 216 2054 mento
235 2036 285 2053 non
304 2027 477 2052 adoamento
495 2027 571 2052 Uen.
590 2041 623 2046 —
645 2033 685 2059 17.
702 2029 787 2052 uncie
804 2033 834 2052 c1
852 2028 951 2052 Palu-z
971 2037 984 2052 ε
1003 2028 1066 2053 Dm.
1084 2029 1128 2053 Ru
1148 2042 1179 2046 —
1201 2035 1243 2053 22.
1259 2029 1356 2062 Qua-sti
1367 2029 1418 2053 due
1432 2030 1508 2054 versi
1520 2031 1589 2055 colla
1602 2031 1673 2055 rima
1686 2031 1716 2055 al
1728 2039 1814 2055 mezzo
1827 2031 1922 2055 scritte
1934 2032 1965 2055 al

119 2071 243 2103 margine
262 2074 375 2099 esterno,
394 2078 440 2095 con
458 2070 586 2095 rt'chiamo
605 2078 732 2095 mancano
750 2070 827 2096 UGH.
846 2079 860 2095 e
878 2070 942 2095 Dm„
960 2071 1004 2096 RE:
1025 2085 1056 2089 —
1077 2077 1118 2103 23.
1139 2074 1242 2105 ⁸Qusssta
1256 2075 1317 2096 nota
1331 2072 1487 2104 marginale
1501 2073 1514 2097 ὲ
1527 2072 1632 2097 d'altra
1645 2081 1721 2098 mano
1729 2074 1883 2104 posteriore
1897 2075 1962 2099 Cod.

207 2158 214 2175 ¹
233 2160 260 2184 A
281 2159 295 2172 ⁰
306 2159 438 2184 Sibidato
448 2177 474 2192 η,
492 2158 626 2184 Cividale
644 2159 689 2184 del
702 2159 905 2193 Friuli‚1’imp.
921 2160 951 2184 su
967 2160 1011 2184 nel

118 2204 247 2237 maggko:
268 2203 304 2228 cf.
324 2203 367 2228 sul
387 2204 537 2236 proposito
556 2203 581 2227 le
603 2203 703 2228 lettere
722 2203 750 2227 di
770 2203 907 2227 Federico
927 2203 954 2227 11
980 2203 1010 2227 in

116 2245 462 2274 Buranun-Baunonia,
480 2245 529 2276 1v,
547 2245 607 2279 946.
645 2246 668 2270 11
682 2245 762 2278 figlio
775 2245 883 2270 Enrico
899 2245 928 2269 fu
943 2245 1011 2269 dato

117 2290 147 2314 in
160 2288 292 2314 custodia
312 2289 346 2313 ad
366 2287 474 2312 Ottone
493 2287 527 2318 11,
541 2290 623 2313 conte
637 2288 772 2313 Palatino
785 2288 830 2312 del
844 2288 935 2317 Reno,
948 2294 1013 2312 suc-

118 2331 220 2356 ceduto
241 2330 267 2355 al
287 2330 374 2362 padre
393 2330 414 2354 il
435 2335 466 2361 15
485 2329 533 2359 XI,
556 2337 620 2362 1²3¹
642 2337 656 2354 e
675 2330 693 2362 †
713 2336 746 2362 29
765 2330 812 2359 XI,
835 2335 912 2362 1253.

208 2373 219 2391 ²
243 2372 413 2404 Elisabetta,
439 2372 560 2397 Isabella
585 2372 619 2404 11,
645 2373 751 2397 sorella
777 2373 806 2397 di
832 2372 939 2396 Enrico
964 2370 1012 2399 111,

119 2415 306 2440 winchester.
344 2415 382 2439 Le
401 2415 551 2440 trattatlve
571 2415 600 2439 di
621 2415 807 2440 matrimonio
831 2415 937 2439 furono
958 2414 1013 2438 lni-

118 2459 191 2483 ziate
205 2460 251 2483 nel
265 2465 332 2482 nov.
349 2464 416 2491 1²34
429 2465 478 2489 per
491 2465 587 2482 mezzo
601 2457 645 2482 del
660 2457 672 2470 '⁴
685 2458 843 2490 magister„
859 2456 924 2481 Pier
937 2456 1014 2481 dena

118 2500 223 2534 Vigna,
238 2501 372 2531 Bormum,
387 2507 436 2525 nn.
450 2498 526 2532 2063,
539 2499 582 2533 67.
613 2498 721 2528 Questo
735 2502 814 2524 terzo
827 2499 1014 2525 matrimonio

120 2542 149 2567 di
167 2542 305 2568 Federlco
326 2543 356 2567 fu
368 2542 512 2567 celebrato
523 2549 540 2566 a
553 2541 666 2567 Worms
679 2542 700 2566 il
718 2547 747 2573 15
762 2541 822 2570 vn,
839 2546 921 2574 1235:
943 2539 956 2553 ¹‘
967 2540 1016 2565 Su-

121 2584 136 2598 Κ
146 2586 279 2618 pervenit
295 2585 422 2610 breviter
442 2585 557 2610 domina
576 2584 726 2610 Ellzabeth
739 2584 918 2617 imperatrix,
933 2590 1016 2608 soror

122 2627 260 2652 “domini
279 2627 395 2660 Anglie,
414 2634 475 2652 cum
495 2634 550 2659 qua
569 2627 704 2651 dominus
723 2627 879 2659 imperator
898 2626 1016 2650 celebra-

123 2668 192 2694 “vit
211 2670 327 2702 nuptias
347 2671 376 2694 in
403 2669 560 2693 Wormatia
587 2669 786 2701 sollempniter
811 2669 842 2692 ln
868 2668 1016 2692 divlsione

123 2711 355 2744 “Apostolorum
368 2729 392 2745 η,
412 2719 428 2735 o
451 2711 465 2725 ⁸
476 2711 682 2744 Apostolorum
703 2711 844 2743 dispersio
856 2728 880 2742 η,
902 2714 931 2741 15
948 2709 1014 2739 V113

122 2754 242 2779 Annam
269 2754 497 2782 Wormatn'ensens,
524 2754 555 2778 ln
580 2754 621 2778 M.
653 2753 683 2778 G.
711 2754 748 2778 Η.
773 2753 834 2782 SS..
858 2752 947 2783 XVII,
973 2759 1016 2784 44.

122 2794 172 2820 Gli
187 2796 305 2821 Annales
320 2797 495 2825 Calontenses,
507 2796 566 2824 eit„
581 2796 610 2819 in
625 2795 760 2824 ΒδΗΜΕκ,
775 2803 801 2820 n.
816 2801 885 2829 2099
895 2803 912 2819 a
926 2795 952 2820 ci
967 2795 1016 2819 fan

123 2845 220 2872 sapere
238 2839 287 2863 che
308 2840 336 2863 in
356 2840 506 2864 occasione
525 2838 598 2863 delle
625 2845 722 2868 nozze,
748 2837 931 2871 “Imperator
954 2845 1017 2862 sua-

125 2881 138 2895 “
149 2881 196 2906 det
215 2882 397 2914 principibus
411 2889 445 2906 ne
458 2881 653 2906 histrionibus
667 2880 745 2905 dona
759 2880 848 2905 solito
862 2888 940 2906 more
954 2887 1016 2912 pro-

127 2921 287 2956 “digniter
305 2923 459 2954 effundant,
479 2924 609 2948 iudicans
630 2923 782 2947 maximam
802 2923 973 2948 dementiam
993 2923 1018 2947 sl

126 2964 139 2978 “
151 2966 214 2998 quis
233 2973 284 2990 sua
303 2966 377 2991 bona
396 2965 511 2990 mimlas
531 2965 575 2990 vel
595 2964 808 2989 hinstrionibus
828 2965 906 2990 fatue
931 2966 1016 2999 largi-

128 3007 198 3033 “tur
208 3025 232 3039 η.
269 3007 337 3032 Eua
357 3005 429 3032 morl
448 3008 478 3032 ln
499 3007 610 3040 Foggia
629 3007 656 3031 al
677 3009 761 3039 parto
781 3006 803 3031 il
826 3005 852 3032 1⁰
871 3007 933 3038 XII,
951 3014 1015 3040 1241

126 3058 140 3075 e
161 3051 191 3075 su
209 3051 320 3082 sepolta
341 3051 370 3074 in
389 3050 510 3079 Andria,
529 3057 608 3074 come
629 3051 733 3074 attesta
752 3049 782 3074 lo
801 3051 893 3075 stesso
915 3049 949 3075 R.

1155 2158 1166 2176 ³
1186 2161 1279 2186 Rocca
1304 2161 1330 2186 S.
1356 2161 1451 2186 Felice
1476 2169 1491 2186 a
1514 2161 1548 2193 58
1573 2162 1628 2187 km.
1654 2163 1689 2187 da
1714 2162 1864 2191 Avemno,
1889 2163 1962 2188 dove

1067 2203 1173 2228 Enrico
1188 2204 1240 2228 VH
1261 2205 1290 2228 su
1308 2204 1449 2229 condotto
1463 2204 1510 2228 dal
1531 2205 1673 2229 marchese
1687 2205 1752 2229 Man
1759 2205 1831 2229 fredi
1845 2205 1962 2236 Lancia,

1067 2248 1139 2272 assai
1162 2249 1232 2272 noto
1253 2247 1330 2271 nella
1350 2247 1538 2281 diplomatica
1558 2248 1650 2272 Sveva
1670 2248 1718 2272 dal
1745 2255 1761 2280 9
1786 2248 1819 2279 X,
1849 2247 1915 2273 1218
1935 2249 1961 2272 al

1066 2298 1082 2322 4
1101 2289 1134 2319 V,
1157 2295 1232 2322 1²53,
1251 2291 1366 2322 quando
1393 2290 1423 2314 su
1449 2290 1612 2315 dichiarato
1640 2290 1742 2315 ribelle
1769 2290 1829 2314 “ob
1856 2292 1962 2315 crimen

1067 2332 1148 2356 “lese
1167 2333 1325 2357 maiestatis
1337 2342 1364 2364 „;
1385 2333 1522 2364 Bc'ifflvnm,
1543 2340 1590 2357 nn.
1604 2338 1665 2365 955.
1677 2350 1684 2358 .
1697 2352 1719 2358 ..
1734 2332 1804 2365 4596
1817 2335 1869 2358 ete.
1908 2334 1962 2358 Dal

1069 2373 1136 2406 1238
1155 2375 1183 2399 al
1207 2374 1273 2407 1248
1291 2374 1348 2407 egli
1369 2373 1409 2399 c’e
1430 2377 1500 2400 noto
1527 2383 1607 2400 come
1635 2376 1750 2400 Vicario
1776 2375 1908 2407 generale
1933 2377 1962 2400 in

1067 2417 1165 2446 Pavia,
1184 2424 1198 2440 e
1216 2423 1295 2441 come
1314 2418 1451 2450 capitano
1472 2418 1501 2442 di
1521 2418 1610 2442 Pavia
1629 2425 1644 2442 e
1663 2418 1766 2442 d’Asti.
1803 2417 1884 2442 Oltre
1899 2419 1906 2442 i
1922 2418 1965 2442 di-

1068 2459 1160 2492 plomi
1171 2460 1291 2484 indicati
1308 2461 1337 2483 in
1352 2459 1490 2490 ΒὸΗΜκῑι,
1503 2460 1539 2484 cf.
1553 2459 1895 2490 Scunrmn-Boxcnoasr,
1907 2461 1965 2484 Zur

1074 2502 1165 2527 Gesch.
1184 2503 1230 2527 des
1249 2503 1318 2526 XI!
1331 2503 1386 2527 und
1403 2502 1489 2527 XIII
1504 2502 1598 2534 Jahr„
1618 2504 1675 2531 cit.¹
1695 2510 1722 2534 p.
1744 2509 1802 2535 144,
1827 2503 1898 2535 dipl.
1919 2502 1964 2527 del

1069 2546 1119 2569 set.
1141 2543 1209 2577 1238
1229 2545 1297 2569 dato
1317 2545 1348 2569 ln
1369 2545 1492 2570 Breseia.

1158 2585 1170 2602 ⁴
1190 2587 1243 2611 Per
1263 2587 1283 2610 il
1303 2587 1367 2620 tipo
1387 2587 1433 2611 del
1454 2595 1550 2612 nuovo
1570 2589 1721 2620 augustale
1742 2588 1777 2612 cf.
1798 2588 1817 2611 il
1832 2588 1890 2611 mio
1906 2589 1964 2612 lilo-

1069 2632 1129 2653 naete
1147 2637 1160 2653 e
1180 2629 1251 2654 conii
1268 2631 1340 2654 nella
1359 2629 1445 2653 storia
1465 2631 1510 2654 del
1528 2630 1624 2654 diritto
1643 2630 1743 2661 Siculo,
1770 2631 1825 2661 cit„
1854 2630 1966 2662 Appen-

1070 2671 1133 2695 dice
1153 2679 1179 2695 n.
1201 2678 1225 2701 2,
1245 2679 1291 2703 pp.
1315 2670 1399 2703 146-7.

1159 2711 1170 2728 ⁵
1192 2712 1224 2738 28
1251 2713 1298 2742 VI,
1327 2714 1402 2745 1236.
1439 2714 1624 2738 Ferdlnando
1650 2714 1689 2738 111
1716 2715 1745 2738 su
1772 2722 1799 2737 re
1819 2714 1847 2738 di
1869 2713 1966 2738 Casti-

1070 2756 1131 2788 glla
1151 2756 1173 2780 n
1193 2763 1228 2788 30
1242 2755 1315 2785 vm.
1333 2762 1407 2788 1217,
1421 2763 1436 2780 e
1449 2757 1477 2781 di
1493 2756 1586 2780 Lione
1606 2757 1650 2780 nel
1675 2763 1753 2788 ¹²303
1774 2757 1849 2790 dopo
1869 2756 1896 2781 la
1911 2759 1967 2781 vit-

1069 2799 1146 2823 toria
1166 2800 1268 2823 contro
1288 2799 1298 2822 i
1317 2798 1461 2827 Saraceni.
1482 2799 1513 2823 su
1533 2799 1613 2823 detto
1634 2799 1653 2822 il
1676 2799 1767 2827 Santa.
1792 2800 1824 2823 ed
1850 2806 1966 2823 assunse

1072 2841 1093 2865 il
1112 2841 1200 2866 titolo
1220 2841 1249 2865 di
1270 2841 1283 2854 ‘⁴
1298 2849 1345 2865 rex
1360 2840 1484 2865 Castelle
1500 2843 1528 2865 et
1541 2840 1648 2869 Toleti,
1669 2841 1816 2873 LegioniS,
1830 2841 1967 2871 Gnllecle,

1073 2883 1086 2896 “
1098 2883 1238 2911 Cordube.
1257 2883 1367 2908 Murcie
1381 2885 1408 2907 et
1417 2883 1542 2915 Jahenni
1554 2891 1582 2914 „i
1598 2884 1633 2907 cs.
1649 2884 1683 2907 A.
1698 2884 1821 2907 MAR‘rrN
1836 2881 1967 2913 LAzAno,

1073 2925 1208 2950 Coleccidn
1228 2925 1402 2956 diplomatica
1423 2926 1569 2956 municilml
1587 2926 1620 2949 de
1638 2927 1667 2949 la
1690 2926 1796 2950 Ciudad
1816 2927 1849 2950 de
1870 2924 1964 2958 ijar,

1071 2967 1194 2996 Madrid,
1217 2973 1292 2999 1921,
1314 2975 1341 2992 n.
1364 2974 1386 2996 1,
1405 2974 1433 2999 p.
1452 2966 1468 2990 6
1487 2974 1502 2991 e
1521 2975 1562 2999 sg.

1159 3007 1170 3026 ⁸
1191 3009 1242 3033 Nel
1265 3010 1328 3034 Cod.
1351 3010 1455 3034 Cassin.
1478 3014 1535 3041 179,
1556 3010 1583 3033 la
1608 3011 1698 3034 morte
1725 3010 1753 3034 di
1780 3002 1928 3034 Landolso
1955 3009 1969 3034 ὲ

1071 3053 1187 3084 segnata
1207 3052 1305 3076 inveee
1325 3053 1402 3075 sotto
1423 3051 1444 3075 il
1465 3058 1498 3083 29
1518 3050 1585 3075 VII:
1608 3051 1663 3076 “xv
1684 3052 1740 3076 kal.
1760 3053 1874 3084 augusti
1893 3053 1968 3077 obsst

1995 265 2070 287 Mun..
2083 269 2103 284 c.
2121 265 2172 288 1036

1983 1671 2113 1695 Lamiulfus
2131 1671 2198 1691 Sene-

2008 1698 2089 1745 3221th
2107 1699 2138 1718 ab
2148 1698 2197 1718 bas

1991 2295 2025 2321 30

1993 2509 2025 2535 35

1994 2721 2029 2746 40

1996 2935 2027 2960 45
