2320 3444
147 256 221 279 Mun..
236 261 256 278 e.
271 257 309 280 986

360 243 407 280 56

362 378 377 394 ‘⁴
389 376 587 408 effundatur
605 373 742 406 humani
757 371 934 415 sanguinis
951 381 1052 413 quam
1075 370 1194 401 hacte-

362 431 375 446 “
389 440 452 461 nus
475 435 524 460 est
549 428 686 464 effusus,
710 425 836 458 saniori
862 435 941 456 usus
964 422 1122 461 consilio,
1138 433 1192 454 re-

358 482 507 515 “stituas
530 480 631 522 [eam]
656 479 768 516 nobis;
795 479 838 510 de
863 478 960 513 cuius
991 476 1191 508 detentione

357 536 371 552 ‘⁶
387 541 527 577 propter
550 534 685 565 inanem
707 532 852 576 gloriam
878 531 954 572 plus
970 529 1033 562 tibi
1050 529 1190 561 difficul-

359 590 373 605 “
386 588 463 620 tatis
498 597 598 628 quam
634 585 790 617 utilitatis
824 588 1013 621 accrescet,
1049 582 1191 624 ipsaque

359 642 373 658 “
386 640 519 672 reddita
534 645 568 671 et
585 638 729 670 dimissis
744 637 915 679 utrimque
931 635 1079 678 captiuis
1095 635 1191 677 quie·-

356 694 369 709 “
385 702 518 725 scamus
541 703 560 723 a
584 691 710 724 mutuis
725 690 1021 733 impugnationum
1038 687 1191 725 offensis,

358 746 431 778 “ita
453 745 544 789 quod
560 745 653 787 apud
674 750 705 776 te
723 753 792 775 non
809 743 851 775 sit
867 742 1021 774 deterior
1038 740 1190 773 conditio

357 800 371 816 ‘⁴
383 799 497 842 gentis
520 803 634 830 nostre
658 808 759 840 quam
779 796 872 839 apud
888 805 950 827 nos
966 800 1019 827 est
1036 794 1189 826 conditio

816 238 1089 276 RYCCARDI
1117 239 1187 274 DE
1215 237 1428 273 SANCTO
1458 236 1729 272 GERMANO
1987 278 1989 281 ι

1277 582 1294 614 <Ji

2025 243 2077 278 [A.
2097 243 2190 280 1224]

1351 369 1602 411 pugnationum
1625 368 1765 411 tfftnsis,
1788 369 1838 400 ita
1859 369 1950 412 quod
1969 370 2067 413 apud
2078 374 2112 402 te
2126 381 2192 403 non

1350 422 1395 454 sit
1417 421 1565 453 deterior
1594 421 1740 453 conditio
1769 420 1907 464 gentis'
1937 427 2060 465 nostre,
2090 434 2285 467 quamam-

1349 478 1436 518 aput
1464 486 1522 506 nos
1545 478 1596 506 est
1617 474 1762 506 conditio
1790 475 1909 517 gentis
1938 479 2003 508 tue.
2049 476 2192 510 Latores

1349 528 1555 572 presentium
1587 527 1634 559 ad
1662 531 1754 559 tuam
1783 529 1987 570 presentiam
2011 530 2192 563 destinatos

1348 591 1515 624 rogamus
1538 581 1686 623 bem'gne
1708 581 1870 624 recipias,
1893 583 2041 625 dignum
2065 583 2113 616 eis
2135 594 2190 617 re-

1347 638 1504 678 sponsum
1520 634 1669 667 tribuens
1691 646 1765 666 cum
1788 636 1914 679 effectu.
1960 636 2090 670 Datum
2119 637 2189 671 La-

1349 689 1465 720 terani
1478 688 1515 720 vi
1528 687 1707 720 Kalendas
1721 689 1824 727 Maii,
1841 689 2067 732 Pontg'ficatus
2081 692 2193 724 nostri

1348 752 1435 774 anno
1456 742 1523 774 xvi.

1435 795 1519 828 Item
1537 795 1627 828 scire
1650 795 1772 828 uolens
1787 795 1861 838 ipse
1877 806 1969 839 papa
1990 802 2102 830 terras
2117 808 2191 831 mo-

358 851 495 895 “gentis
518 857 586 883 tue.
632 850 779 883 Latores
802 849 1011 892 presentium
1035 848 1080 879 ad
1095 853 1189 880 tuam
1256 849 1294 881 10
1349 858 1405 880 res
1437 854 1472 880 et
1494 849 1585 880 uires
1609 847 1850 892 Agarenorum
1882 855 2005 883 contra
2037 861 2123 894 quos
2145 851 2190 885 de

356 906 370 922 ¹⁴
383 903 590 947 presentiam
624 902 815 936 destinatos
844 912 1003 945 rogamus
1038 900 1189 943 benigne
1348 901 1454 943 ipsius
1469 902 1632 934 mandato
1649 902 1918 935 christianorum
1941 904 2114 938 exercitus
2129 915 2190 948 pa-

355 958 370 974 “
380 957 529 1000 recipias
552 963 587 990 et
603 957 746 989 honeste
763 961 967 999 pertractes,
983 955 1125 998 dignum
1142 954 1191 987 eis
1348 953 1499 994 rabatur,
1515 955 1654 998 scripsit
1665 956 1868 998 patriarche
1880 956 2191 997 Iherosolimitano,

355 1013 583 1052 “responsum
608 1009 761 1042 tribuens
784 1020 861 1042 cum
887 1009 1028 1041 effectu.
1348 1007 1519 1051 magistris
1549 1009 1731 1042 domorum
1762 1009 1952 1051 Hospitalis
1973 1016 2008 1043 et
2037 1011 2189 1055 Templi,

441 1065 456 1081 ‘⁴
469 1064 595 1096 Datum
621 1063 785 1095 Laterani
811 1073 846 1094 v1
869 1062 938 1094 kal.
963 1061 1059 1099 Maii,
1076 1061 1189 1103 ponti·
1348 1067 1386 1093 ut
1400 1071 1505 1104 super
1519 1062 1586 1094 hiis
1600 1073 1678 1094 eum
1694 1073 1758 1104 per
1771 1073 1849 1095 suas
1861 1064 2048 1096 redderent
2060 1063 2191 1099 litteras

353 1117 367 1133 ‘⁴
381 1117 503 1150 ficatus
524 1117 632 1149 nostri
655 1127 744 1148 anno
769 1116 847 1148 xvl⁰
859 1139 874 1155 „
893 1115 914 1147 ¹.
1256 1115 1293 1148 15
1349 1115 1546 1147 certiorem.
1591 1115 1663 1154 Qui
1679 1126 1744 1158 per
1758 1117 1926 1159 quasdam
1942 1126 2051 1150 naues
2072 1117 2191 1151 Uene-

437 1170 570 1203 Eodem
599 1180 690 1202 anno
721 1170 810 1202 scire
840 1169 960 1201 uolens
990 1168 1066 1210 ipse
1098 1178 1190 1210 papa

349 1230 486 1262 terram,
502 1233 617 1255 mores
638 1231 671 1255 et
695 1224 784 1255 uires
801 1222 1052 1266 Agarenorum,
1069 1228 1190 1253 contra

349 1287 436 1319 quos
452 1277 496 1308 de
508 1276 618 1318 ipsius
632 1276 796 1308 mandato
808 1275 1072 1308 christianorum
1090 1285 1189 1307 exer-

1349 1175 1419 1200 tum
1442 1168 1525 1201 inde
1548 1170 1616 1201 huc
1639 1170 1934 1210 transmeantium,
1964 1176 2033 1203 tam
2069 1171 2190 1205 deten-

1349 1227 1439 1254 tores
1461 1233 1562 1266 quam
1586 1227 1698 1255 terras
1729 1228 1764 1255 et
1786 1233 1899 1256 mores
1930 1234 2051 1256 eorum
2081 1235 2190 1268 expo-

1347 1281 1488 1308 suerunt
1511 1275 1544 1307 ei
1568 1275 1755 1308 certissime
1778 1276 1813 1308 in
1835 1276 1929 1308 hunc
1951 1277 2108 1311 modum:

1441 1331 1455 1346 ‘⁴
1470 1328 1654 1362 saladinus
1677 1334 1713 1361 et
1736 1329 1957 1371 Sephedinus
1973 1331 2041 1364 duo
2063 1332 2191 1366 fratres
2200 1332 2257 1380 :¹⁶³3-

1352 1382 1366 1398 ‘⁴
1381 1382 1534 1414 fuerunt.
1577 1382 1718 1415 Mortuo
1734 1381 1911 1423 saladino,
1928 1385 1988 1427 qui
2010 1384 2133 1422 habuit
2147 1394 2186 1419 x1
2202 1386 2256 1434 2¹52
2281 1413 2283 1416 .

1353 1437 1368 1453 ‘⁴
1380 1435 1480 1478 filios,
1515 1435 1674 1479 regnauit
1706 1435 1935 1478 Sephedinus,
1966 1437 2026 1481 qui
2057 1438 2262 1488 occidit&

1351 1488 1366 1505 ‘⁴
1384 1499 1503 1522 omnes
1533 1495 1680 1531 nepotes
1695 1500 1786 1529 suos,
1802 1497 1919 1533 preter
1934 1502 2037 1524 unum
2055 1492 2114 1536 qui
2125 1491 2283 1531 uo-W{

351 1329 440 1362 citus
462 1329 659 1372 parabatur,
675 1329 852 1361 mandauit
866 1339 931 1371 per
946 1328 1089 1360 lieteras
1112 1338 1190 1359 suas

349 1382 524 1426 magistris
536 1382 730 1425 Hospitalis
744 1388 779 1414 et
795 1382 933 1424 Templi
945 1388 982 1414 ut
995 1393 1098 1424 super
1111 1381 1190 1420 hoc,
1251 1387 1294 1418 20

349 1436 513 1479 inquisita
525 1435 724 1479 diligentius
735 1435 894 1474 ueritate,
907 1441 977 1467 tam
994 1436 1191 1478 detempto-

349 1498 404 1521 res
421 1489 598 1521 nominare
612 1499 713 1532 quam
730 1494 840 1521 terras
863 1494 897 1520 et
920 1499 1034 1521 mores
1057 1499 1188 1527 eorum,

349 1542 417 1574 suis
429 1541 566 1584 seriptis
574 1547 608 1574 et
620 1542 749 1575 licteris
760 1552 934 1584 exponere
948 1541 1096 1575 fideliter
1108 1551 1187 1584 pro-

348 1594 538 1627 curarent².
577 1593 648 1633 Qui
673 1595 882 1638 detentores,
900 1606 1013 1628 mores
1030 1601 1064 1628 et
1080 1601 1188 1628 terras

1353 1545 1367 1561 ¹⁴
1381 1549 1479 1575 catur
1515 1543 1796 1582 Melchisedech,
1834 1545 1891 1588 qui
1930 1549 2026 1578 tenet
2061 1551 2190 1580 terram

1353 1597 1478 1629 “istam
1502 1607 1580 1629 cum
1603 1597 1762 1630 omnibus
1778 1598 1989 1638 ciuitatibus,
2012 1599 2134 1633 castris
2155 1605 2191 1634 et

349 1657 465 1680 eorum
488 1649 554 1680 hoc
577 1659 668 1680 anno
692 1659 755 1691 per
782 1649 948 1692 quasdam
980 1659 1088 1681 naues
1117 1647 1189 1681 Ue·
1251 1652 1291 1685 25
1353 1650 1472 1683 “uillis
1496 1657 1529 1683 et
1552 1651 1627 1683 aliis
1651 1651 1910 1690 munitionibus,
1926 1662 1994 1695 que
2010 1658 2091 1686 sunt
2111 1653 2190 1696 plus

347 1707 462 1734 netum
484 1701 700 1734 redeuntium
725 1703 768 1735 de
784 1702 936 1744 partibus
952 1702 1189 1735 transmarinis
1352 1706 1367 1722 “
1380 1704 1424 1736 de
1448 1704 1616 1737 ducentis.
1663 1703 1884 1747 Sephedinus
1907 1716 1993 1739 uero
2015 1705 2137 1740 habuit
2152 1706 2189 1740 fi-

346 1761 579 1798 exposuerunt
603 1761 637 1788 et
660 1756 852 1788 certissime
867 1756 902 1788 in
919 1756 1012 1788 hunc
1028 1756 1186 1789 modum:
1353 1757 1446 1790 “lios
1477 1767 1537 1797 xv,
1568 1757 1612 1790 de
1643 1757 1768 1801 quibus
1802 1759 2011 1792 hereditauit
2045 1765 2190 1803 septem.

437 1807 451 1824 ‘⁴
466 1807 676 1851 Sal[a]dinus
691 1815 726 1842 et
743 1809 962 1851 Sephedinus
979 1810 1047 1843 duo
1063 1810 1189 1843 fratres
1351 1812 1366 1829 “
1379 1809 1502 1844 Silicet
1525 1809 1795 1850 Melkekemme,
1825 1812 1884 1855 qui
1914 1812 2045 1855 primus
2075 1819 2128 1847 est
2155 1819 2191 1848 et

352 1861 367 1878 “
379 1860 532 1894 fuerunt.
577 1862 718 1894 Mortuo
735 1862 938 1905 Sal[a]dino,
954 1863 1013 1906 qui
1029 1863 1136 1895 habet
1150 1873 1187 1895 xt
1351 1865 1366 1882 ‘⁴
1379 1864 1491 1896 maior
1513 1870 1596 1896 natu
1619 1864 1787 1898 omnibus.
1831 1865 1902 1898 Hic
1925 1872 2024 1899 tenet
2039 1866 2191 1900 Alexan-

350 1914 365 1930 “
379 1914 479 1952 filios,
512 1916 671 1959 regnauit
704 1915 932 1958 Sephedinus,
964 1917 1023 1960 qui
1057 1916 1189 1950 occidit
1251 1922 1293 1954 30
1352 1919 1367 1935 “
1379 1917 1502 1957 driam,
1525 1918 1751 1957 Babiloniam‚
1767 1918 1931 1963 Caymm,
1944 1925 1979 1953 et
1994 1925 2101 1953 totam
2116 1926 2187 1954 ter-

351 1969 496 2000 “omnes
518 1975 662 2011 nepotes
684 1979 764 2001 suos
785 1976 902 2012 preter
923 1980 1027 2001 unum
1052 1971 1111 2013 qui
1126 1979 1186 2001 uo-
1352 1973 1451 2003 “ram
1475 1970 1592 2014 Egipti
1624 1971 1660 2003 in
1690 1971 1837 2004 meridie
1869 1978 1905 2005 et
1934 1973 2188 2015 septentrione;

349 2020 364 2037 ‘⁴
379 2021 762 2066 catur-Melchisedech,
775 2022 832 2065 qui
844 2028 941 2055 tenet
952 2029 1077 2055 terram
1090 2023 1186 2056 istam
1352 2024 1435 2068 “qui
1458 2030 1538 2067 post
1560 2030 1707 2057 mortem
1730 2025 1839 2067 patris
1862 2026 1913 2058 sui
1937 2025 2128 2069 Sephedini
2143 2025 2190 2061 de

353 2075 367 2091 ‘⁴
381 2085 458 2106 cum
483 2075 639 2108 omnibus
654 2076 888 2114 conuicaneis,
906 2076 1115 2116 ciuitatibus,
1131 2087 1189 2109 ca·
1353 2079 1367 2095 ²
1380 2077 1535 2122 generali
1566 2078 1815 2111 constitutione
1847 2079 1956 2122 patris
1978 2086 2014 2113 et
2043 2080 2190 2114 fratrum

353 2126 459 2159 “stris
483 2134 516 2159 et
539 2128 642 2166 uillis,
666 2129 914 2162 munitionibus
936 2141 1004 2172 que
1021 2135 1099 2163 sunt
1114 2130 1191 2173 plus
1353 2131 1485 2164 “debet
1525 2142 1600 2164 esse
1633 2131 1795 2165 dominus
1829 2133 1980 2165 omnium
2014 2139 2051 2167 et
2083 2134 2190 2168 totius

352 2181 366 2197 “
381 2181 425 2212 de
463 2180 633 2214 ducentis.
687 2181 906 2224 Sephedinus
943 2193 1027 2215 uero
1067 2183 1188 2215 habuit
1250 2190 1290 2221 35
1352 2187 1366 2202 ‘⁴
1384 2191 1484 2218 terre.
1532 2185 1716 2218 Secundus
1739 2186 1827 2219 filius
1845 2192 1896 2219 est
1917 2187 2058 2221 nomine
2080 2186 2189 2221 Cora-

352 2233 467 2265 “filios
490 2234 573 2276 [xv],
597 2235 639 2266 de
663 2235 785 2278 quibus
809 2235 1018 2268 hereditauit
1034 2246 1100 2269 vn:
1123 2237 1186 2269 sci·
1352 2238 1483 2271 “dinus
1498 2239 1556 2281 qui
1573 2239 1678 2272 habet
1694 2239 1912 2279 Damascum,
1935 2247 2087 2274 sanctam
2109 2240 2189 2275 Ihe-

350 2286 364 2301 “
382 2285 460 2318 licet
495 2287 781 2327 Melchekemme‚
816 2289 875 2331 qui
907 2290 1037 2331 primus
1071 2296 1123 2322 est
1153 2297 1187 2323 et
1348 2292 1363 2308 ‘⁶
1382 2292 1530 2325 rusalem
1555 2299 1590 2325 et
1613 2298 1720 2325 totam
1751 2299 1891 2332 terram,
1916 2304 1984 2337 que
2007 2294 2075 2327 fuit
2097 2293 2189 2328 chri-

353 2340 367 2355 “
383 2340 494 2371 maior
516 2347 598 2372 natu
621 2341 795 2379 omnibus;
828 2342 886 2373 hic
917 2348 1013 2375 tenet
1036 2342 1188 2375 Alexan·
1352 2345 1573 2385 “stianorum,
1596 2352 1715 2389 preter
1745 2347 1916 2380 modicam
1947 2358 2049 2391 quam
2072 2347 2188 2381 adhuc

352 2393 366 2408 “
380 2391 499 2430 driam,
522 2393 749 2432 Babssoniam,
765 2395 927 2439 Cayrum,
943 2401 978 2427 et
993 2401 1100 2428 totam
1117 2402 1186 2428 ter·
1351 2401 1365 2416 “
1379 2404 1498 2432 tenent
1521 2399 1713 2439 christiani,
1738 2411 1804 2443 que
1822 2407 1901 2433 sunt
1916 2401 2007 2434 inter
2030 2400 2189 2434 ciuitates

350 2445 364 2461 ‘⁴
381 2455 452 2476 ram
484 2445 600 2489 Egipti
630 2447 666 2478 in
698 2448 841 2480 meridie
874 2454 908 2481 et
938 2449 1186 2491 septentrione,
1250 2456 1290 2487 40
1350 2452 1586 2486 “munitiones
1617 2460 1652 2487 et
1686 2460 1801 2487 castra
1831 2454 1907 2496 plus
1939 2454 1982 2486 de
2012 2454 2187 2494 trecentis,

433 2588 506 2613 9-10.
526 2583 619 2613 gentis
637 2584 686 2607 tue
704 2591 787 2615 quam
812 2583 888 2616 apud
914 2591 965 2609 nos
991 2586 1033 2609 est
1053 2585 1185 2610 conditio

346 2626 439 2657 gentis
458 2626 553 2650 nostre
575 2627 637 2650 Cod.
656 2639 688 2644 —
709 2633 751 2652 22.
770 2627 947 2652 nominatum
970 2627 1033 2653 Cod.

1435 2588 1474 2614 16.
1499 2590 1708 2614 transmeantes
1733 2588 1810 2614 Uen.
1836 2602 1868 2607 —
1895 2588 1985 2622 35-36.
2010 2587 2187 2616 Corradlnus

1346 2632 1421 2658 Usu.

438 2772 445 2788 ¹
464 2774 684 2800 Erroneamente
705 2775 845 2800 Riccardo
866 2777 975 2810 riporta
994 2779 1093 2809 questa
1112 2780 1236 2811 epistola

350 2815 376 2839 al
399 2822 472 2848 1214,
492 2818 599 2841 mentre
618 2824 679 2842 essa
698 2818 727 2842 fu
747 2819 813 2843 data
832 2819 863 2842 in
883 2818 1025 2843 Laterano
1044 2821 1066 2844 il
1087 2820 1120 2845 26
1145 2823 1237 2855 aprile

304 2862 318 2889 5
349 2863 425 2888 1213.
463 2858 548 2883 Nello
568 2861 656 2884 stesso
675 2867 750 2884 anno
764 2868 778 2884 e
791 2862 894 2893 giorno
906 2861 1070 2887 Innocenzo
1083 2862 1122 2887 111
1135 2864 1236 2888 scrisse

348 2899 382 2923 ad
397 2899 525 2931 Alberto‚
539 2902 680 2933 patriarca
694 2902 724 2926 di
738 2901 956 2932 Gerusslemme,
971 2903 1111 2936 dandogll
1125 2907 1236 2931 notizia

347 2941 421 2965 della
442 2942 541 2966 lettera
561 2943 665 2968 diretta
685 2952 701 2968 a
722 2944 735 2957 “
746 2945 908 2977 Sephedino
919 2964 944 2977 η,
959 2947 1022 2979 Ep„
1036 2946 1086 2972 lib.
1100 2947 1172 2977 XVI,
1187 2948 1234 2981 36;

346 2982 511 3013 ΡοττΗΑετ,
531 2991 578 3008 nn.
598 2991 666 3016 4719
685 2994 699 3010 e
719 2992 796 3017 47²⁰·

434 3023 445 3040 2
464 3026 496 3050 R.
517 3027 591 3051 nella
610 3034 660 3052 sua
674 3029 822 3054 redazione
836 3030 910 3054 della
924 3031 1047 3056 secunda
1062 3031 1149 3056 Cron.
1170 3032 1233 3058 dice

1290 2781 1340 2806 che
1358 2782 1380 2806 il
1401 2789 1474 2814 papa
1494 2789 1543 2816 per
1561 2789 1644 2807 avere
1664 2783 1774 2807 notizie
1794 2783 1866 2807 suile
1885 2784 1966 2813 terre,
1992 2782 2003 2807 l
2029 2783 2153 2808 costuml
2170 2790 2186 2808 e
2216 2789 2248 2808 ιο
2275 2785 2287 2792 ’

1289 2823 1315 2848 le
1337 2824 1414 2848 iorze
1434 2824 1478 2849 dei
1499 2825 1686 2850 Mussulmani
1707 2826 1733 2850 si
1752 2825 1859 2850 rivoise
1878 2825 1905 2849 al
1926 2826 2069 2857 patriarca
2087 2825 2117 2850 di
2131 2824 2186 2850 Ge-

1290 2866 1464 2898 rusalemme‚
1484 2867 1614 2899 Alberto,
1635 2867 1708 2891 oltre
1728 2867 1779 2892 che
1799 2867 1858 2899 agli
1877 2866 2056 2900 Ospedalieri
2070 2875 2086 2892 e
2103 2866 2186 2892 Tem·

1289 2908 1371 2940 plari,
1393 2908 1420 2931 di
1442 2909 1486 2932 cui
1508 2909 1571 2932 solo
1592 2916 1680 2934 aveva
1700 2909 1813 2941 parlato
1832 2908 1860 2933 la
1879 2909 1971 2942 prima
1990 2909 2080 2934 volta.
2116 2909 2184 2934 Non

1288 2948 1303 2974 e
1323 2951 1513 2982 improbabile
1531 2951 1581 2975 che
1600 2953 1674 2975 tutte
1693 2951 1797 2976 siffatte
1816 2952 1914 2976 lettere
1928 2953 2010 2976 siano
2025 2953 2097 2976 state
2116 2959 2184 2984 pure

1289 2993 1399 3016 inviate
1419 2993 1439 3016 il
1461 2992 1494 3017 26
1514 2994 1605 3025 aprile
1626 3000 1701 3026 1213,
1721 3001 1736 3018 e
1755 2994 1805 3018 che
1824 2994 1846 3018 ll
1866 2996 2002 3027 rapporto
2027 2994 2069 3019 sla
2087 3001 2184 3027 perve-
2213 3001 2244 3028 ις

1290 3035 1359 3059 nuto
1379 3034 1423 3058 nel
1450 3041 1525 3067 ¹²14·
