2320 3444
127 237 203 261 Mun„
218 242 238 256 c.
256 242 305 256 ιοοι
355 226 426 261 140

351 571 477 600 “terna
516 573 631 599 nostra
670 565 932 608 [beniuolentia]
971 565 1119 598 deberes
1145 567 1191 599 ad
1279 566 1296 597 5
1353 567 1458 599 cimus
1481 565 1681 609 diligenter.
1727 565 1810 607 ‚Qua
1831 565 2011 598 clementer
2040 566 2203 609 inspecta,

351 623 365 639 ‘⁶
379 621 603 652 humilitatem
639 618 855 660 [deuotione]
887 619 1072 661 proficere,
1095 619 1146 652 sic
1171 629 1190 652 e
1354 624 1388 651 et
1404 622 1470 661 per
1492 619 1621 651 iudices
1641 618 1746 651 Curie
1760 622 1874 650 nostre
1896 617 2066 661 diligenti
2083 618 2204 662 preni-

351 677 364 692 “
377 673 551 706 contrario
590 673 742 705 uideatis
780 673 815 704 in
855 672 1118 705 indeuotionem
1157 678 1192 705 et
1352 673 1444 705 sione
1466 672 1625 713 discussa,
1650 671 1804 714 capitula
1827 682 1891 714 que
1919 671 2070 715 inferius
2097 671 2204 704 conti-

349 730 363 744 “
377 726 615 759 extollentiam
654 725 805 758 eleuare.
865 725 1038 768 Recogita
1075 731 1191 758 tecum
1352 727 1583 769 nentur,sicut
1594 725 1756 767 legitime
1765 729 1844 756 sunt
1857 724 2015 768 probata,
2029 724 2202 758 uidelicet:

172 799 191 813 c.
207 799 266 817 ὀμ,
350 782 364 797 “
378 780 535 823 quotiens
559 779 603 811 ob
627 779 738 811 Terre
754 784 876 811 sancte
899 778 1091 822 negotium'
1109 790 1190 823 pro·
1353 780 1459 823 ⁴‚Quod
1479 783 1634 823 tempore
1656 779 1758 821 regis
1775 777 1951 811 Guillelmi
1962 778 2109 817 secundi,
2123 778 2204 811 dum

349 835 363 850 ⁴⁴
376 833 532 872 traxeris,
555 843 598 865 ne
623 833 778 864 dicamus
801 832 956 870 eluseris,
979 838 1132 865 nostram
1157 838 1192 865 et
1260 835 1298 866 10
1353 834 1427 877 ipse
1441 832 1450 850 ¹
1475 843 1537 865 rex
1560 842 1661 864 causa
1684 831 1851 863 orationis
1873 831 2016 864 uenisset
2030 831 2078 864 ad
2089 841 2204 864 mona-

349 887 492 929 “populi
516 886 695 919 christiani
718 886 892 918 fiduciam.
939 885 1116 929 Recogita
1140 892 1191 919 te·
1351 886 1494 919 sterium
1518 885 1708 923 Cannense,
1731 888 1765 916 et
1787 883 1867 926 [pro
1890 895 1990 917 causa
2005 885 2205 928 procuratae

348 942 362 958 ⁴⁴
377 951 455 972 cum
478 945 642 983 quantam
665 939 699 970 in
716 939 940 971 ordinatione
965 939 1191 972 ecclesiarum
1353 940 1431 984 pro]
1447 941 1522 983 ipso
1539 939 1673 971 donu'no
1685 948 1776 980 rege
1788 938 1917 970 Petrus
1930 938 1973 970 de
1983 937 2115 978 Insula,
2125 942 2205 972 mc

350 993 511 1036 “Apulie‚
535 999 569 1025 et
592 992 790 1035 specialiter
806 992 841 1024 in
858 992 1000 1034 repulsu
1024 993 1189 1026 consilio-
1354 993 1545 1027 Casinensis
1561 991 1772 1036 abba5,secit
1786 990 1925 1035 colli[gi
1936 991 2122 1034 collectam]
2137 995 2205 1036 per

349 1050 362 1066 ¹⁶
376 1058 451 1080 rum
474 1058 560 1091 quos
584 1046 790 1089 quibusdam
816 1045 952 1078 illarum
976 1047 1191 1089 prefecimus
1352 1052 1458 1080 totam
1473 1046 1642 1079 abbatiam
1657 1048 1725 1089 per
1738 1045 1914 1077 ordinatos
1929 1044 2057 1078 baiulos
2071 1050 2206 1086 suos‚et

348 1101 534 1133 “iniuriam
557 1100 658 1132 nobis
679 1100 848 1132 intuleris.
896 1100 1074 1143 Recogita
1091 1100 1189 1133 deni-
1259 1101 1296 1134 15
1352 1102 1428 1146 ipse
1443 1099 1648 1144 procurauit
1671 1109 1755 1131 eum.
1780 1097 1869 1130 Item
1891 1098 1982 1142 quod
1995 1109 2070 1132 cum
2080 1099 2205 1144 aliquis

349 1157 363 1172 ¹⁴
377 1165 444 1197 que
468 1165 570 1198 quam
594 1153 765 1196 patienter
788 1153 856 1186 hoc
880 1163 989 1196 usque
1014 1154 1118 1186 modo
1136 1160 1190 1186 tu-
1352 1153 1663 1198 condempnabatur
1700 1152 1736 1184 in
1774 1152 1929 1185 mercede
1960 1151 2063 1185 Curie
2091 1153 2204 1198 regis,

348 1210 362 1226 ‘⁴
375 1209 526 1247 lerimus,
560 1207 696 1250 quantis
731 1206 1005 1239 detractionibus
1034 1217 1099 1249 per
1121 1207 1189 1240 hoc
1351 1208 1534 1242 iustitiarii
1543 1206 1729 1251 faciebant
1750 1207 1793 1238 de
1812 1209 1963 1250 persona
1992 1207 2078 1240 uelle
2097 1217 2204 1251 suum,

348 1264 362 1280 ¹¹
375 1261 574 1304 exposueris
610 1261 839 1303 nosmetipsos
871 1266 904 1293 et
927 1262 1056 1303 poteris
1078 1261 1190 1294 mani·
1352 1267 1449 1295 terra
1472 1261 1670 1294 remanebat
1692 1259 1839 1299 ecclesie,
1861 1264 1896 1292 et
1917 1260 2030 1292 omnia
2044 1259 2205 1294 bonasua

348 1317 466 1348 “feste
501 1325 715 1358 cognoscere
750 1320 914 1357 quantum
949 1320 1008 1347 tue
1047 1315 1189 1349 deferre
1350 1315 1539 1360 recipiebat
1553 1314 1794 1347 monasterinm
1819 1313 2014 1352 Casinense3
2029 1318 2064 1347 et
2076 1315 2110 1347 si
2121 1318 2205 1359 per-

348 1372 362 1388 “
375 1369 574 1402 sublimitati
586 1368 784 1411 satagimus,
797 1375 961 1411 quantum
973 1374 1066 1401 tuam
1077 1369 1188 1402 uitare
1254 1372 1296 1403 20
1350 1383 1432 1404 sona
1444 1382 1507 1415 que
1518 1375 1595 1403 erat
1605 1369 1852 1413 condempnata
1865 1368 1996 1401 uolebat
2009 1378 2045 1401 se
2058 1367 2205 1401 redime-

348 1426 362 1442 “
376 1423 541 1456 scandala
564 1423 771 1455 studeamus.
818 1422 875 1455 Tu
897 1433 981 1455 uero
1004 1422 1075 1466 qui,
1098 1423 1189 1455 sicut
1351 1436 1398 1467 re,
1411 1425 1530 1458 licebat
1545 1424 1576 1456 ei
1588 1425 1736 1456 uendere
1750 1423 1793 1455 de
1807 1422 1906 1455 rebus
1919 1423 1998 1456 suas.
2013 1422 2102 1455 Item
2117 1422 2209 1466 qnod

349 1480 362 1496 ‘⁴
376 1477 534 1516 diximus,
570 1475 716 1509 deberes
747 1476 792 1508 ad
814 1475 1047 1509 humilitatem
1083 1478 1190 1510 deuo·
1350 1489 1425 1511 cum
1441 1478 1642 1522 Imperator
1657 1476 1831 1509 Henricus
1845 1476 2035 1509 mandasset
2047 1475 2206 1520 redemp-

348 1535 362 1550 “
376 1533 468 1565 tione
498 1531 684 1573 proficere,
723 1530 845 1562 facere
879 1530 1014 1563 uideris
1047 1531 1189 1563 omnino
1351 1532 1474 1564 tionem
1486 1531 1609 1575 colligi
1615 1534 1684 1575 per
1696 1535 1800 1563 totum
1811 1530 1988 1574 Regnum,
2004 1530 2106 1563 abbas
2111 1529 2207 1576 fecit

348 1588 362 1604 “
376 1585 599 1622 contrarium,
623 1585 712 1617 adeo
735 1590 773 1617 ut
797 1595 876 1618 cum
907 1595 970 1627 pro
997 1585 1190 1627 prenotatis
1349 1586 1476 1630 colligi
1486 1590 1623 1630 partem
1636 1585 1889 1629 contingentem
1901 1585 2013 1629 ipsam
2025 1584 2204 1618 abbatiam.

348 1642 362 1657 ‘⁴
376 1639 533 1672 articulis
549 1649 590 1672 ac
605 1649 670 1681 pro
686 1639 941 1672 uenerabilium
963 1639 1112 1671 fratrum
1128 1649 1190 1671 no-
1254 1637 1295 1671 25
1355 1641 1439 1673 Item
1463 1641 1554 1683 qaod
1573 1640 1742 1684 precatio,
1773 1650 1838 1683 que
1868 1639 2090 1683 prestabatur
2117 1639 2208 1683 regi

347 1696 361 1712 “
375 1700 521 1726 strorum
559 1693 788 1726 Cathanensis
833 1699 867 1726 et
912 1693 1190 1736 Cephaludensis
1352 1693 1543 1732 Guillelmo,
1566 1697 1632 1738 per
1660 1693 1813 1726 abbatem
1837 1693 1957 1736 fiebat,
1988 1697 2022 1726 et
2052 1692 2207 1726 ministri

347 1749 362 1764 ‘⁴
375 1747 619 1790 episcoporum
642 1747 797 1792 negotio,
822 1757 889 1780 nec
906 1758 974 1780 non
999 1746 1094 1790 quod
1110 1757 1189 1790 spe-
1349 1748 1479 1780 abbatis
1507 1747 1717 1791 colligebant
1742 1749 1813 1791 per
1843 1751 1976 1780 terram
2006 1745 2207 1780 monasterii

347 1802 361 1817 “
375 1800 483 1832 ciales
507 1806 541 1833 et
562 1800 722 1843 proprios
745 1800 904 1832 homines
927 1800 1119 1843 apostolice
1135 1811 1189 1833 se·
1351 1801 1581 1845 precationem
1606 1801 1731 1844 ipsam,
1747 1804 1781 1832 et
1795 1800 1904 1833 baiuli
1916 1800 2020 1844 regis
2034 1810 2204 1846 nunquam

347 1855 360 1870 ‘⁴
375 1853 427 1886 dis
459 1854 497 1885 in
532 1854 814 1896 expedictionem
852 1859 946 1887 tuam
981 1864 1051 1886 non
1086 1854 1190 1887 aliter
1350 1855 1421 1887 uisi
1438 1859 1516 1887 sunt
1537 1854 1588 1887 ibi
1608 1855 1655 1886 acl
1675 1854 1747 1886 hoc.
1795 1854 1883 1886 Item
1907 1854 1998 1897 quod
2016 1853 2050 1886 si
2069 1854 2203 1897 quando

347 1908 360 1924 “
375 1918 477 1950 quam
500 1913 577 1940 tuos
601 1908 763 1950 proprios
786 1907 944 1940 homines
967 1917 1074 1940 uocas
1090 1913 1127 1940 ut
1143 1908 1189 1940 ad
1254 1907 1295 1939 30
1350 1908 1467 1952 aliqua
1482 1909 1626 1940 seruitia
1641 1907 1914 1950 iniungebantur
1929 1918 1950 1939 a
1965 1907 2099 1939 domino
2114 1916 2204 1951 rege

346 1962 360 1977 “
375 1960 653 2003 expedictionem
688 1961 796 2003 ipsam
832 1960 895 1993 sub
931 1961 1048 1994 debito
1083 1960 1188 1994 modo
1215 1999 1219 2002 .
1350 1962 1466 1994 abbati
1496 1961 1552 1993 uel
1583 1962 1685 1993 etiam
1719 1961 1907 1993 hominibus
1939 1960 2082 1999 abbatie,
2115 1960 2207 2004 quod

346 2015 360 2030 “
375 2014 586 2046 conueniant
621 2014 796 2047 fidelitatis
827 2020 862 2047 et
891 2020 987 2047 certa
1023 2024 1114 2057 pena
1137 2014 1187 2046 iu-
1350 2015 1593 2058 expediebatur
1616 2017 1682 2058 per
1705 2014 1868 2055 abbatem,
1892 2013 2070 2047 monachos
2092 2017 2127 2047 et
2140 2014 2204 2047 mi-

347 2069 362 2084 “
376 2066 503 2105 bendo,
527 2078 569 2100 ac
597 2078 662 2110 pro
693 2068 770 2100 aliis
800 2067 1009 2111 quibusdam
1039 2068 1189 2111 negotiis
1351 2069 1476 2100 nistros
1500 2069 1582 2100 eius.
1628 2068 1716 2100 Item
1742 2067 1833 2111 quod
1851 2068 1963 2111 sique
1976 2067 2204 2111 iniungeban-

347 2122 361 2138 “
375 2130 487 2162 nuper
524 2121 569 2153 ad
608 2128 701 2154 tuam
745 2121 954 2164 presentiam
999 2120 1189 2154 direximus
1349 2126 1407 2154 tm·
1429 2122 1573 2164 abbatie,
1597 2122 1870 2165 expediebantur
1891 2125 1959 2165 per
1987 2121 2139 2154 abbatem
2169 2124 2205 2153 et

347 2175 361 2191 ¹⁶
376 2185 479 2206 unum
502 2174 546 2206 de
569 2175 747 2217 precipuis
770 2175 932 2207 membris
956 2175 1118 2214 ecclesie,
1134 2175 1185 2207 ui·
1252 2173 1293 2206 35
1351 2179 1415 2219 per
1436 2175 1585 2207 homines
1614 2186 1699 2208 suos.
1747 2176 1834 2207 Item
1858 2175 1948 2218 quod
1978 2174 2111 2218 quando
2140 2185 2204 2207 rex

346 2229 360 2244 “
375 2227 503 2260 delicet
526 2229 763 2261 uenerabilem
793 2228 908 2260 uirum
948 2229 1094 2261 fratrem
1125 2239 1187 2261 no-
1350 2229 1442 2261 misit
1456 2229 1591 2260 stolium
1607 2229 1643 2260 in
1659 2228 1878 2270 Romam'am,
1895 2227 1997 2260 abbas
2013 2227 2203 2261 Casincnsis

345 2281 359 2297 ‘⁴
374 2287 479 2313 strum
503 2280 695 2313 Oliuerium
721 2282 950 2314 Sabinensem
974 2283 1188 2325 episcopum,
1350 2282 1446 2314 dedit
1467 2282 1591 2314 milites
1615 2282 1748 2314 domino
1771 2284 1866 2325 regi,
1894 2286 1927 2314 et
1956 2281 2032 2326 ip5e
2060 2280 2204 2325 collegit

429 2434 452 2451 2.
472 2428 671 2452 ommictamus
692 2427 788 2453 GAun.
808 2442 841 2446 —
861 2435 886 2461 3.
906 2428 1071 2453 ommictere
1090 2427 1188 2453 GAtm.
1441 2434 1480 2451 11.
1501 2429 1528 2451 et
1548 2427 1676 2459 predicta
1696 2427 1836 2461 precatio,
1862 2426 1948 2458 Uen„
1973 2427 2038 2452 Du.
2060 2425 2119 2456 Ru
2145 2433 2199 2461 pro

342 2485 374 2489 -
396 2477 435 2502 15.
456 2474 554 2497 nostra
566 2491 571 2497 .
583 2490 589 2496 .
602 2491 625 2497 ..
646 2471 742 2497 Gru».
761 2486 794 2491 —
814 2472 840 2497 8.
859 2473 967 2498 elevari
987 2472 1085 2498 Gau».
1105 2486 1113 2491 -
1135 2473 1186 2497 Re·
1350 2479 1434 2496 causa
1453 2472 1616 2505 procuratie
1635 2474 1703 2497 lesse
1722 2471 1819 2497 Pawrz
1837 2485 1870 2490 ——
1893 2470 1936 2504 38.
1960 2470 2072 2496 sondos
2090 2472 2119 2496 et
2136 2471 2198 2504 lpse

340 2518 477 2548 cogitata,
498 2518 528 2541 di
539 2518 633 2548 prima
653 2526 728 2542 mano
747 2521 856 2548 espunto
876 2520 905 2542 ta
928 2517 992 2542 Cod.
1351 2525 1402 2551 pro
1422 2518 1463 2541 els
1490 2517 1609 2550 collegit
1634 2525 1683 2549 per
1709 2517 1838 2542 abbatem
1864 2520 1928 2542 nota
1953 2516 2110 2549 marginale
2137 2516 2201 2542 Coa.

429 2672 435 2687 ¹
459 2673 725 2699 “Gloriosissirnus
746 2683 794 2699 rex
820 2674 995 2699 Guilielmus
1021 2674 1123 2699 Sicilie
1142 2682 1251 2702 secum.
1298 2675 1406 2704 Sicilia,
1426 2675 1483 2707 cit.¹
1504 2675 1526 2707 1,
1544 2683 1571 2708 p.
1594 2674 1653 2708 189.

299 2720 312 2746 5
341 2715 417 2739 “dus
438 2723 451 2748 7
472 2717 528 2740 kal.
548 2716 696 2741 Februarii
719 2719 799 2741 venit
819 2717 853 2742 ad
875 2718 1003 2742 Montem
1023 2716 1171 2747 Casinum,
1191 2717 1239 2741 ubi
1385 2717 1471 2742 Dello
1492 2720 1583 2743 stesso
1604 2725 1680 2742 anno
1701 2726 1715 2742 e
1741 2724 1816 2742 mese
1840 2717 1874 2741 K.
1899 2716 1935 2742 A.
1961 2717 2058 2746 Kana.
2082 2720 2124 2748 op.
2143 2717 2199 2747 cit..

352 359 366 374 ‘⁴
380 356 597 398 prudentiam
621 366 689 387 non
713 354 852 386 habere.
897 352 959 385 Set
977 359 1013 384 ut
1029 353 1191 396 quedam,

353 410 460 452 “quia
497 409 547 441 sic
578 407 722 450 expedit
758 406 1006 443 ammictamus‚
1041 406 1190 448 quedam

351 465 365 480 ⁴⁴
379 468 456 494 sunt
480 473 547 504 que
570 460 769 493 ammictere
792 459 849 491 uel
866 459 1085 491 dissimulare
1104 459 1191 491 ulte-

352 518 365 532 “
379 516 449 547 rius
472 525 541 547 non
563 513 729 550 ualemus,
754 512 938 554 presertim
963 522 1041 544 cum
1064 523 1108 544 ex
1131 523 1192 554 pa-

342 2756 354 2769 “
369 2765 401 2781 eo
421 2759 466 2782 die
486 2761 656 2791 pernoctans
677 2762 704 2784 et
724 2761 851 2791 sequenti
874 2760 920 2784 die
939 2759 1046 2783 ibidem
1061 2767 1240 2791 permanens,

340 2801 353 2814 ‘⁴
366 2803 431 2832 post
450 2802 521 2825 solis
542 2809 673 2826 occasum
694 2803 850 2832 descendit,
870 2803 930 2827 alio
950 2802 996 2826 die
1016 2810 1031 2826 a
1050 2802 1157 2826 Sancto
1172 2802 1240 2827 Ger-

816 222 1092 258 RYCCARDI
1122 221 1193 256 DE
1221 220 1434 256 SANCTO
1463 219 1734 256 GERMANO
2030 225 2083 260 [A.
2105 224 2203 261 1220]

1295 2767 1322 2792 p.
1343 2764 1403 2791 453,
1430 2759 1478 2783 dal
1501 2759 1637 2792 Catalogo
1662 2760 1811 2785 dell'Arch.
1831 2759 1862 2783 di
1879 2759 2087 2789 Ifflmtecassino.
2109 2759 2200 2789 Capsa
2228 2763 2259 2790 15
2290 2758 2292 2762 '

1351 352 1478 395 gratia
1501 352 1744 394 dignaremur.
1784 350 1911 384 Uerum
1941 351 2024 394 quia
2045 351 2088 384 de
2118 351 2205 395 ipsis

1353 406 1483 438 iuribus
1507 410 1540 437 et
1562 404 1751 438 rationibus
1773 415 1839 436 non
1853 405 2036 447 constabat,
2050 407 2118 448 per
2133 405 2204 437 Pe-

1354 464 1444 491 trum
1469 458 1510 491 de
1525 458 1636 491 Ebulo
1652 462 1686 490 et
1701 458 1892 501 Nycolaum
1909 459 1951 490 de
1968 457 2086 491 Cicala
2108 457 2204 491 iusti-

1353 513 1474 545 tiarios
1503 512 1611 544 Terre
1626 510 1772 544 Laboris
1794 511 2044 555 inquisitionem
2052 511 2204 555 fierije-

1297 2804 1334 2833 (Υ,
1347 2811 1372 2826 η,
1385 2811 1419 2827 2⁰
1433 2805 1521 2827 trasse
1537 2804 1579 2828 la:
1598 2804 1611 2818 ‘¹
1622 2803 1812 2829 Confirmatlo
1826 2804 1901 2834 regis
1915 2802 2015 2827 Sicilie
2029 2802 2105 2827 facta
2119 2808 2200 2827 sacro

342 2842 355 2856 ¹‘
367 2850 451 2867 mano
472 2844 601 2868 resedens
621 2851 670 2876 per
689 2844 837 2869 Mirtularn
858 2845 948 2876 adque
968 2852 1017 2876 per
1036 2843 1165 2868 Suessam
1181 2851 1242 2868 ver·
1299 2844 1499 2870 “monasterio
1521 2845 1675 2870 Casinensl
1696 2847 1823 2878 tempore
1842 2845 1965 2869 Abbatis
1984 2845 2019 2869 N.
2043 2842 2198 2877 [correggh

343 2883 355 2896 “
368 2892 414 2908 sus
434 2884 559 2916 Capuam
582 2888 757 2918 remeavit„;
782 2886 818 2911 cf.
846 2887 914 2911 Anu.
945 2886 1034 2911 Casin-
1061 2887 1110 2911 cit.
1135 2886 1239 2917 (Conti-
1297 2887 1310 2900 ¹⁴
1324 2888 1400 2912 Petri
1421 2888 1455 2912 de
1474 2888 1571 2912 Insula
1592 2888 1609 2919 †
1630 2886 1709 2921 1186]
1728 2895 1804 2912 anno
1826 2886 1903 2919 1183,
1923 2886 1958 2911 de
1971 2887 2199 2911 commutatione

286 2933 316 2950 10
341 2926 432 2949 nuntio
456 2927 518 2950 Cod¹
534 2926 574 2957 3),
593 2935 619 2959 p.
639 2934 700 2959 313,
720 2935 766 2952 an.
789 2927 865 2960 1183.
902 2927 956 2952 Nel
975 2929 1101 2960 gennaio
1121 2927 1150 2952 di
1176 2935 1240 2959 que·
1298 2928 1311 2942 ¹⁴
1325 2930 1401 2954 sacta
1421 2931 1454 2954 de
1473 2930 1561 2955 casali
1581 2930 1746 2955 Sallectano
1766 2937 1818 2962 pro
1838 2931 1932 2954 castro
1951 2929 2032 2954 Fella
2057 2930 2088 2952 ln
2114 2926 2199 2953 Caln-

341 2969 455 2993 st'anno
482 2971 539 3001 egli
566 2978 633 3002 pure
661 2972 689 2995 in
718 2971 814 3004 Capua
843 2971 1011 2996 concedette
1037 2979 1074 2996 un
1096 2971 1238 3004 diploma:
1298 2972 1385 2997 “bria
1405 2980 1493 3005 prope
1513 2974 1617 2998 terram
1632 2972 1756 2998 Cetraril
1776 2979 1839 2997 cum
1859 2972 1993 2997 omnibus
2013 2971 2198 3004 pertinentiis
2225 2977 2262 2997 πο
2294 2978 2299 3002 ᾖ

344 3010 473 3040 Gutum,
503 3013 520 3035 l
542 3013 702 3037 Documenti
725 3014 823 3038 inediti
846 3014 1007 3046 dell’Epoca
1032 3015 1193 3038 Normanna
1218 3014 1245 3039 in
1299 3013 1352 3039 “et
1371 3014 1547 3040 adiacentiis
1557 3033 1581 3048 η.
