2320 3444
16 1446 25 1462 ἰ

14 1467 29 1491 ,ἱ

6 1801 11 1860 4

0 1936 19 2027 ἒξ.

0 2032 16 2116 Ξ

0 2309 19 2466 {3
78 2340 92 2367 ε

0 2646 9 2718 Ξ

0 2720 11 2810 ξ
61 2766 91 2794 1⁵

0 2854 5 2867 ῐ

0 2914 7 2931 δ

0 2948 93 3004 ἔω

0 3003 9 3043 Ξ

0 3102 7 3133 ἵ

6 1302 35 1364 {³2
59 1325 102 1358 20

2 1599 25 1640 :3³2
59 1591 101 1624 25
124 1591 223 1625 dicto
246 1592 356 1624 fratre
373 1592 568 1625 Leonardo.

0 1834 101 1955 {aa

131 183 184 220 [A.
206 184 298 220 1200]

907 178 1196 214 CHRONICA

1897 177 1967 212 165

218 310 306 354 Ego
329 311 410 343 talis
430 311 507 344 iuro
529 311 578 344 ad
596 311 657 344 hec
678 315 796 344 sancta
818 311 890 344 Dei
910 311 1104 354 euangelia,
1128 311 1219 354 quod
1238 311 1278 343 ab
1301 310 1399 343 hodie
1421 311 1456 343 in
1479 315 1579 343 antea
1593 311 1756 352 fideliter
1776 310 1971 349 custodiam,

130 368 164 396 et
183 363 314 396 saluum
338 364 467 404 faciam
490 365 731 396 monasterium
755 364 944 403 Casfflense,
969 368 1132 408 personas
1154 364 1388 396 monachorum
1406 368 1439 396 et
1453 364 1610 402 alibrum,
1626 364 1687 407 qui
1697 366 1765 407 pro
1782 366 1884 406 parte
1899 374 1970 395 ma-

129 415 246 460 gistri
265 417 382 449 domus
405 417 668 450 Alamannorum
690 418 726 449 in
749 428 789 449 ca
802 417 943 461 suerint
964 417 1148 454 constituti,
1171 421 1204 448 et
1226 427 1281 449 res
1303 427 1418 449 eorum
1442 421 1476 448 et
1497 417 1700 449 monasterii.

30 508 35 518 Ὢ
118 469 222 514 sacto
245 470 381 502 consilio
404 470 462 503 uel
481 481 647 509 consensu,
671 471 819 514 qualiter
840 471 877 503 in
891 470 1034 503 alterius
1049 470 1206 502 deueniat
1227 481 1352 511 manus,
1369 481 1428 502 nec
1443 480 1512 512 ego
1527 470 1615 502 illud
1635 471 1787 508 reddam,
1810 471 1970 513 quamdiu

42 521 51 547 ἲ
85 521 104 555 5
126 523 272 556 custodie
294 523 493 567 deputatum
516 529 567 556 est
589 524 760 566 magistri
779 523 894 556 domus
921 523 956 556 T
953 524 1189 561 eutonicwum,
1214 528 1248 555 et
1269 533 1338 566 ego
1359 523 1410 555 ibi
1429 533 1590 556 mansero.

1747 416 1830 450 Non
1852 427 1910 449 ero
1933 417 1969 448 in

213 576 407 619 Imperator
430 577 475 610 de
497 576 619 620 Capua
648 587 684 609 se
715 586 871 615 mouens,
902 586 1022 609 uersus
1053 576 1215 618 Apuliam
1246 576 1339 619 apud
1370 576 1562 618 Melphiam
1593 576 1699 619 uadit,
1730 575 1790 609 ubi
1814 577 1859 609 ad
1890 587 1968 609 eum

126 629 261 662 uadunt
283 629 442 674 Reginus
464 630 750 672 archiepiscopus
772 635 807 662 et
829 630 942 663 dictus
965 630 1241 662 Teutonicorum
1264 629 1426 673 magister
1442 640 1462 661 a
1478 629 1636 662 Romana
1653 630 1749 662 curia
1771 630 1970 668 redeuntes,

126 684 186 727 qui
210 689 247 716 et
269 683 393 716 iterum
417 683 508 716 missi
533 695 554 716 a
575 684 715 726 Cesare,
741 683 786 715 ad
810 694 936 726 papam
960 683 1094 715 uadunt
1117 692 1236 715 mense
1259 682 1418 715 Ianuarii.

214 736 338 769 Mense
361 737 554 775 Februarii,
578 737 689 780 primo
713 737 771 769 die
787 737 914 768 mensis
930 736 1094 777 eiusdem,
1112 736 1226 768 Rome
1242 735 1381 768 Tiberis
1403 735 1527 767 fluuius
1540 746 1603 777 per
1627 735 1834 768 alluuionem
1857 746 1968 778 usque

29 812 43 832 ⁴:
65 790 104 823 10
128 790 216 823 adeo
240 790 433 829 inundauit,
456 791 551 834 quod
574 790 762 832 occupauit
785 790 829 822 de
853 788 1011 822 domibus
1037 789 1141 822 Urbis
1163 798 1274 831 usque
1296 789 1342 821 ad
1365 794 1523 821 sanctum
1555 789 1694 820 Petrum
1726 795 1760 821 et
1790 800 1897 832 usque
1923 790 1968 822 ad

125 849 282 876 sanctum
305 843 463 882 Paulum,
487 843 580 886 quod
603 843 688 875 tanti
713 853 815 875 causa
838 842 968 875 timoris
1000 842 1166 874 Romanis
1196 841 1355 874 omnibus
1384 842 1509 879 extitit,
1540 847 1576 873 ut
1605 852 1686 874 mox
1715 842 1760 875 de
1789 843 1965 874 communi

126 896 287 935 consilio,
311 903 404 929 metu
427 897 558 935 mortis,
580 896 759 929 dominum
781 906 907 938 papam
930 896 975 927 ad
999 894 1130 928 Urbem
1155 895 1200 926 de
1231 894 1375 927 Petusio
1405 901 1622 927 reuocarent.

1670 894 1740 932 Qui
1764 896 1918 935 rediens,
1947 907 1968 928 a

126 955 251 983 senatu
272 950 472 993 populoque
495 949 655 982 Romano
678 949 811 992 ingenti
835 959 913 981 cum
936 948 1065 991 gaudio
1089 954 1140 980 est
1164 953 1325 990 receptus
1340 947 1361 979 ¹.

214 1003 372 1047 Reginus
395 1003 680 1046 archiepiscopus
702 1008 738 1035 et
761 1002 924 1045 magister
947 1002 1070 1034 domus
1091 1001 1365 1034 Teutonicorum
1388 1001 1432 1033 ab
1464 1001 1559 1034 Urbe
1591 1002 1635 1033 ad
1660 1001 1823 1035 Cesarem
1847 1014 1965 1035 reuer-

64 1056 103 1090 15
127 1062 258 1095 tuutur,
281 1066 384 1100 quem
407 1062 490 1099 aput
513 1055 695 1089 Precinam
720 1056 913 1088 inueniunt.

213 1110 347 1143 Eodem
370 1120 488 1142 mense
513 1109 655 1152 quidam
673 1108 836 1154 magister
853 1108 1060 1142 Guillelmus
1077 1108 1121 1140 de
1138 1108 1259 1150 Capua
1275 1107 1497 1150 Imperatoris
1512 1108 1666 1140 notarius
1679 1108 1690 1124 ²
1707 1109 1803 1141 uenit
1820 1110 1865 1141 ad
1881 1109 1965 1142 San-

126 1169 220 1198 ctum
244 1163 453 1196 Germanum
478 1174 556 1196 cum
581 1163 702 1196 litteris
724 1162 970 1204 imperialibus,
987 1167 1025 1194 ut
1041 1162 1071 1194 si
1092 1161 1169 1204 quis
1191 1167 1281 1194 esset
1303 1161 1360 1193 uel
1385 1171 1459 1194 esse
1482 1162 1589 1194 uellet
1611 1162 1646 1193 in
1671 1169 1840 1204 apparatu
1870 1162 1966 1195 mili'-

125 1217 192 1250 tari
215 1218 260 1250 ad
283 1217 464 1251 seruitium
488 1216 721 1259 Imperatoris,
744 1216 817 1259 ipse
839 1217 1033 1259 Imperator
1055 1215 1240 1247 immunem
1264 1225 1342 1247 eum
1366 1215 1410 1248 ab
1427 1216 1521 1248 omni
1536 1215 1676 1248 servitio
1692 1216 1838 1252 faceret,
1862 1222 1896 1249 et
1920 1217 1964 1249 de

125 1270 231 1303 armis
254 1277 288 1304 et
310 1271 410 1314 equis
431 1270 504 1303 suis
526 1276 615 1303 esset
639 1270 684 1302 ad
706 1269 856 1302 reditum
879 1280 987 1302 suum.

213 1324 334 1357 Mense
358 1324 478 1357 Martii
501 1324 615 1357 dictus
637 1324 826 1357 cardinalis
850 1323 978 1356 Sancte
1001 1323 1127 1356 Sabine
1158 1322 1203 1356 de
1234 1322 1357 1356 Suessa
1381 1323 1564 1356 dIscedens
1596 1323 1752 1356 Gaietam
1784 1334 1820 1356 se
1843 1329 1963 1357 contu-

125 1377 174 1417 lit,
197 1378 259 1411 ubi
282 1384 364 1411 tunc
388 1378 573 1420 episcopus
595 1383 739 1410 uenerat
761 1376 1006 1410 Tusculanus³
1029 1377 1089 1420 qui
1114 1382 1303 1410 vocauerat
1326 1377 1451 1418 ipsum.

211 1431 340 1464 Iterum
373 1438 486 1464 autem
516 1431 665 1474 predicti
696 1430 853 1475 Reginus
884 1430 1167 1473 archiepiscopus
1198 1436 1232 1463 et
1263 1431 1428 1473 magister
1458 1431 1582 1463 domus
1613 1430 1886 1463 Teutonicorum
1917 1432 1962 1463 ad

125 1496 252 1528 papam
274 1486 435 1523 redeunt,
458 1491 493 1517 et
516 1485 603 1518 alter
625 1495 746 1517 eorum
775 1484 890 1518 silicet
920 1484 1082 1527 magister
1113 1485 1236 1517 domus
1266 1484 1540 1516 Teutonicorum
1573 1484 1731 1517 Gaietam
1754 1484 1861 1524 uadit,
1885 1494 1963 1516 cum

124 1549 193 1582 quo
217 1539 332 1572 dictus
353 1538 544 1571 cardinalis
566 1538 658 1571 redit
681 1537 726 1571 ad
750 1537 880 1571 Urbem
893 1537 917 1570 ⁴.

963 1537 1184 1570 Tusculanus
1207 1543 1322 1570 autem
1345 1543 1428 1570 tunc
1451 1537 1545 1570 uenit
1567 1537 1859 1570 Pontemcuruum
1883 1548 1961 1571 cum

615 1590 755 1635 Quique
779 1602 800 1623 a
823 1591 1042 1624 Pontecurvo
1059 1591 1279 1633 Ceperanurn
1295 1590 1403 1629 uadit,
1426 1601 1490 1633 per
1513 1601 1601 1634 quos
1625 1591 1807 1623 transitum
1830 1591 1960 1624 habens

121 1646 281 1689 Reginus
304 1645 598 1688 archiepiscopus,
622 1646 667 1678 ad
692 1645 822 1679 Urbem
844 1646 1025 1688 profectus
1049 1651 1122 1683 est;
1146 1644 1204 1677 ubi
1228 1655 1290 1688 pro
1307 1644 1559 1687 compositione
1580 1644 1673 1678 inter
1696 1655 1820 1687 papam
1838 1652 1872 1678 et
1894 1645 1960 1678 Ce-

121 1709 233 1733 sarem
257 1699 422 1732 facienda
443 1698 515 1732 dux
539 1698 682 1731 Austrie
705 1699 775 1732 dux
797 1698 978 1732 Carinthie
1003 1704 1038 1730 et
1061 1698 1132 1731 dux
1154 1698 1313 1731 Morauie
1337 1703 1516 1736 uenerant,
1540 1699 1642 1730 simul
1665 1709 1744 1731 cum
1760 1699 1961 1741 patriarcha

121 1752 349 1798 Aquilegensi
373 1757 408 1785 et
431 1750 692 1796 Salseburgensi
715 1752 982 1795 archiepiscopo
995 1751 1018 1785 ⁵.

211 1806 315 1840 Tunc
339 1807 448 1839 frater
470 1805 673 1839 Leonardus
694 1816 802 1839 rocca
824 1805 997 1839 Draconis
1020 1806 1246 1839 castellanum
1270 1805 1368 1848 ponit
1400 1804 1557 1838 Anneum
1590 1806 1633 1838 de
1664 1805 1757 1838 Rivo
1787 1805 1962 1839 Matricio.

212 1859 335 1892 Dictus
358 1859 578 1892 Tusculanus
600 1866 783 1892 reuocatur
806 1860 850 1891 ad
874 1859 1023 1898 Urbem;
1048 1859 1108 1902 qui
1131 1870 1210 1892 cum
1233 1859 1342 1892 tribus
1365 1859 1442 1891 aliis
1466 1859 1700 1891 cardinalibus
1716 1865 1750 1891 et
1767 1869 1844 1891 cum
1868 1859 1961 1901 prin-

120 1912 256 1956 cipibus
280 1912 488 1946 Alamannie
509 1913 718 1956 supradictis
740 1912 839 1956 pacis
862 1913 990 1947 bonum
1013 1913 1105 1946 inter
1126 1923 1252 1956 papam
1276 1918 1311 1945 et
1334 1913 1496 1946 Cesarem
1521 1913 1623 1945 electi
1645 1912 1843 1955 specialiter
1869 1918 1960 1945 trac-

123 1973 297 2000 Querunt-

211 2114 236 2139 9.
255 2106 354 2132 Primo
373 2106 420 2132 dle
439 2106 585 2132 Februarii
605 2106 695 2133 Rome
715 2107 791 2133 Uen.
810 2116 824 2132 e
842 2107 906 2132 Dm⁴
924 2106 969 2132 Rs
989 2121 1021 2125 ——-
1044 2112 1084 2139 15.
1103 2107 1285 2132 Precicanam
1305 2106 1381 2132 Uen.
1400 2115 1414 2131 e
1433 2107 1496 2131 Dm.
1514 2106 1557 2131 Ra

208 2209 218 2226 ¹
237 2210 261 2234 11
276 2217 309 2243 ²4
327 2209 363 2241 11,
380 2216 455 2243 1230,
469 2211 612 2235 tornando
625 2212 660 2235 da
674 2210 803 2243 Pemgia,
816 2211 960 2244 Gregorio
974 2211 1013 2235 IX

121 2253 152 2277 in
171 2251 263 2277 Roma
283 2253 368 2277 “cum
388 2252 482 2285 gioria
500 2254 528 2277 et
554 2253 746 2278 Inestlmanda
771 2253 884 2278 laetitia
910 2253 1011 2286 populi

122 2294 307 2320 “exultantis
333 2295 497 2327 intravit„;
531 2295 591 2320 Vita
621 2295 759 2328 Gregorii,
787 2296 816 2320 in
843 2295 1012 2325 Μυκη-ου,

122 2337 188 2363 RR.
210 2337 249 2362 II.
269 2336 330 2366 SS,
349 2336 398 2366 111,
419 2344 441 2369 1,
461 2337 523 2370 578.

209 2376 220 2395 ²
238 2378 283 2403 Un
303 2378 434 2411 diploma
451 2379 496 2404 del
515 2386 579 2412 gen.
600 2386 668 2412 1²29
691 2379 764 2412 orig.
788 2378 803 2404 ὲ
828 2380 896 2405 dsto
915 2387 1013 2412 presso

122 2420 275 2446 “Mentem
294 2420 322 2446 S.
342 2421 432 2446 Marte
452 2422 481 2445 in
501 2419 628 2455 Georglo
640 2440 664 2454 n·
683 2422 720 2447 da
732 2420 899 2455 Guglielmo
916 2422 946 2447 di
960 2421 1013 2447 Ca-

120 2470 185 2496 pua,
204 2463 278 2496 ⁴¹per
298 2471 396 2488 manus
416 2463 566 2488 Guillelmi
587 2463 621 2488 de
640 2463 738 2497 Capua
763 2464 924 2498 imperialis
949 2464 1013 2489 aule

121 2505 135 2519 ¹¹
145 2506 276 2530 notarius
287 2514 314 2538 ης
334 2506 469 2534 Boinasa.
492 2512 586 2539 ¹3012·

207 2545 220 2564 ⁸
237 2547 376 2573 Giscomo
395 2548 429 2572 de
454 2547 595 2577 Vitriaco,
621 2548 697 2573 card.
722 2555 797 2574 vesc.
822 2549 850 2574 di
877 2549 1013 2574 Frascnti.

120 2590 186 2615 Non
205 2588 221 2615 ὲ
239 2590 431 2623 improbabile
449 2591 500 2615 che
520 2592 550 2615 in
569 2592 722 2616 occasione
741 2591 818 2616 della
836 2593 942 2617 venuta
967 2592 1013 2617 del

119 2639 193 2658 vesc.
212 2631 351 2658 Giacomo
370 2634 401 2658 in
421 2633 521 2663 Gaeta,
540 2633 561 2658 il
582 2633 727 2658 cardinale
752 2633 905 2659 Tommaso
930 2634 1014 2659 abbis

120 2682 240 2708 appreso
259 2676 286 2700 ie
304 2677 531 2701 ntormorazioni
550 2676 600 2700 che
624 2677 649 2700 si
676 2676 814 2701 sacevano
839 2684 888 2709 per
910 2676 939 2702 la
963 2684 1013 2701 sua

119 2716 206 2749 lunga
225 2717 338 2742 dimon.
358 2717 403 2743 nel
422 2725 521 2750 regno,
541 2718 668 2750 ond’egn
682 2718 728 2742 nel
743 2725 848 2748 marzo,
861 2719 1013 2743 scrIvendo

119 2759 147 2784 sl
166 2766 248 2792 papa,
267 2760 291 2784 si
311 2759 491 2792 giustlficava
511 2760 649 2785 d1cendo=
669 2759 742 2785 “Set
768 2761 791 2784 si
817 2767 876 2785 non
903 2768 1012 2786 reman—

119 2800 134 2814 “
144 2801 243 2826 niuem
262 2801 294 2826 in
313 2809 411 2835 regno,
428 2803 505 2827 bona
519 2802 688 2827 clericorum
702 2804 730 2827 et
743 2802 925 2828 ecclesiarum
940 2803 1014 2835 [du]-

119 2842 210 2869 “dum
229 2846 323 2869 essent
342 2846 461 2870 omnino
480 2846 512 2870 ln
532 2845 730 2877 diruptionem
749 2846 777 2870 et
797 2845 921 2878 predam,
947 2853 1010 2879 cap-

120 2884 134 2898 ‘'
144 2887 199 2910 tivi
219 2888 248 2911 et
267 2887 320 2911 alii
333 2887 367 2912 de
380 2894 480 2923 regno,
492 2894 565 2920 quos
579 2887 711 2921 princeps
724 2887 845 2912 habehat
858 2891 1012 2920 suspectos,

120 2927 318 2962 “supplicium
338 2930 502 2959 sensissent,
521 2932 553 2954 ut
580 2930 669 2955 fertur
693 2931 860 2955 extremum.
897 2930 930 2956 In
955 2930 1012 2956 hiis

121 2970 237 2996 “nichil
256 2972 327 2997 mihi
347 2973 468 3003 ascribo,
487 2973 534 2998 sed
555 2973 616 2998 Deo
634 2974 662 2997 et
683 2972 775 2998 vobis.
814 2972 859 2997 Ad
881 2973 936 2998 hoc
962 2975 1012 2998 im-

1069 2209 1082 2222 “
1093 2211 1204 2244 petrata
1218 2210 1302 2235 venia
1316 2209 1460 2243 suppum,
1474 2211 1505 2234 ut
1518 2209 1709 2234 consideratis
1720 2208 1824 2233 vestris
1833 2210 1861 2233 et
1872 2208 1961 2241 partis

1070 2253 1083 2266 ²
1095 2253 1222 2278 adversis
1242 2253 1359 2277 adverse
1378 2252 1558 2284 processibus
1578 2252 1660 2284 plene
1680 2251 1868 2276 discussionis
1889 2251 1961 2276 arbi-

1069 2294 1152 2320 “trio
1177 2295 1347 2324 decernatis,
1373 2294 1442 2326 quid
1467 2294 1621 2319 secundum
1648 2294 1738 2318 Deum
1765 2295 1792 2318 et
1817 2294 1961 2318 hominem

1069 2337 1158 2371 “plus
1177 2338 1320 2370 expediat,
1338 2338 1452 2362 scilicet
1470 2344 1526 2370 pax
1547 2344 1582 2361 an
1602 2343 1744 2369 guerra„;
1769 2335 1959 2367 Ronsumum,

1068 2388 1094 2413 p.
1117 2379 1166 2412 185
1187 2381 1225 2411 (n.
1245 2380 1300 2411 90).

1155 2421 1167 2438 ⁴
1181 2423 1223 2447 Lo
1238 2424 1328 2448 stesso
1340 2422 1503 2452 Tommaso,
1515 2422 1590 2446 forse
1602 2428 1684 2446 verso
1695 2421 1722 2446 la
1736 2421 1790 2445 fine
1800 2420 1845 2445 dei
1857 2427 1961 2452 marzo,

1067 2472 1156 2490 aveva
1175 2466 1294 2498 pregato
1314 2465 1336 2489 il
1356 2472 1429 2498 papa
1449 2464 1478 2488 dl
1500 2464 1575 2488 farlo
1596 2465 1712 2488 tornare
1730 2471 1746 2488 a
1763 2463 1869 2487 Roma:
1892 2461 1960 2486 “Iu-

1069 2508 1164 2538 “bete‚
1184 2510 1265 2541 pater
1283 2509 1311 2532 et
1330 2507 1455 2538 domine,
1474 2515 1517 2532 me
1543 2508 1641 2532 venire
1660 2507 1694 2531 ad
1721 2514 1773 2531 vos
1785 2514 1817 2538 „3
1843 2506 1960 2530 Ronan-

1067 2557 1152 2580 ωηο.
1172 2558 1199 2582 p.
1221 2551 1268 2582 187
1288 2549 1329 2582 (n.
1347 2550 1404 2582 93).

1155 2591 1166 2608 ⁵
1185 2593 1335 2626 Leopoldo
1355 2593 1425 2617 duca
1446 2592 1593 2616 d'Austria
1612 2599 1626 2615 e
1645 2591 1675 2616 di
1694 2591 1784 2616 Stiria
1804 2589 1833 2622 (†
1859 2597 1890 2622 ²3
1918 2591 1960 2615 lu-

1065 2635 1149 2670 guo),
1168 2635 1313 2660 Bernsrdo
1333 2636 1405 2660 duca
1425 2635 1455 2659 dl
1475 2634 1622 2662 CarinzIa,
1643 2633 1751 2658 Ottone
1771 2633 1840 2657 duca
1860 2633 1888 2657 di
1904 2633 1960 2657 Me-

1066 2679 1156 2709 ranla,
1175 2678 1310 2702 Bertoldo
1329 2678 1474 2710 patriarca
1492 2676 1666 2707 d'Aquileia,
1692 2675 1833 2700 Eberardo
1851 2675 1960 2699 arcive·

1066 2729 1152 2746 scovo
1170 2721 1198 2746 di
1219 2720 1396 2753 Sallsburgo.
1433 2720 1640 2751 L’lmperatore
1660 2718 1706 2742 dal
1728 2718 1808 2750 figito
1835 2725 1886 2742 suo
1906 2718 1960 2741 En-

1066 2765 1127 2788 rico
1147 2763 1206 2787 fece
1226 2764 1436 2796 ricompensare
1456 2763 1463 2785 i
1486 2761 1613 2794 principi
1633 2761 1664 2785 di
1684 2759 1839 2784 Germania
1858 2767 1911 2784 con
1932 2760 1960 2784 lo

1065 2808 1164 2830 statum
1184 2805 1355 2837 insavorem
1377 2803 1531 2834 principum
1557 2802 1716 2827 conceduto
1744 2802 1764 2825 il
1794 2808 1804 2826 ι
1831 2800 1865 2830 V,
1894 2807 1957 2833 1231

1067 2847 1142 2872 nella
1162 2848 1238 2872 dieta
1253 2846 1281 2870 di
1295 2846 1416 2875 Worms,
1430 2845 1606 2869 confermato
1620 2845 1668 2878 poi
1683 2845 1718 2868 da
1733 2844 1771 2868 lui
1788 2844 1833 2868 nel
1848 2845 1960 2876 maggio

1068 2896 1133 2922 1²32
1154 2897 1170 2914 a
1191 2889 1339 2917 Cividsle;
1360 2889 1395 2912 cf.
1411 2889 1450 2912 M.
1471 2888 1500 2911 G.
1519 2888 1563 2917 IL,
1578 2887 1645 2918 LII,
1660 2886 1709 2917 IV,
1722 2888 1742 2911 t.
1756 2892 1788 2917 ιι,
1804 2893 1831 2919 p.
1845 2881 1910 2915 21'13
1927 2886 1960 2910 H.

1066 2931 1225 2960 BnssssLAU,
1247 2931 1395 2956 Haadbuck
1413 2931 1463 2954 der
1487 2929 1763 2962 Urkundenlelnrefllr
1777 2929 1963 2953 Deutschlami

1066 2974 1121 2999 und
1133 2974 1241 3004 Italica,
1255 2974 1274 3003 1,
1290 2973 1418 3006 Leipzig,
1435 2971 1509 3005 1889,
1524 2979 1550 3005 p.
1563 2979 1611 3005 93¹
1626 2981 1631 3003 ;
1646 2972 1779 3000 Bonum,
1796 2971 1870 3003 ¹9⁶3·
1882 2978 1959 3006 4195.

1986 188 2061 212 Mum,
2072 194 2106 209 cc.
2120 190 2207 213 ¹⁰¹7·1⁸

1987 842 2111 862 nuntiatio
2122 842 2204 867 flumi-

2014 869 2050 889 m‘s
2067 869 2167 894 Tyberis.

1989 949 2114 969 Reuocatio
2145 950 2203 974 pape

2014 976 2046 996 ud
2061 976 2151 998 Urbem.

2053 1234 2072 1250 c.
2087 1234 2135 1252 Ην

2011 1645 2088 1665 Duces
2108 1644 2202 1669 fmpm'i

1984 1671 2079 1691 Romam
2095 1672 2198 1694 ueniunt.

1990 2383 2022 2410 ²5

1989 2599 2023 2623 30

1988 2807 2021 2834 35
