2320 3444
202 393 221 408 e.
236 392 294 408 mr
388 376 404 393 ‘
418 375 488 408 lum
512 375 648 417 bonum,
672 386 715 407 ne
738 379 845 417 ponat
867 374 981 406 lucem
995 370 1171 407 tenebras'
1194 378 1229 406 et

390 431 405 448 ‘⁴
418 428 580 462 tenebras
602 429 728 466 lucem,
751 437 795 460 ne
818 426 999 460 mortificet
1012 426 1143 459 animas
1158 436 1226 469 que

390 484 406 500 ⁸
418 492 488 515 non
509 481 761 520 mortificande,
785 486 821 514 et
843 480 996 513 uiuificet
1012 479 1142 512 animas
1157 490 1224 524 que

391 535 623 568 “uiuificande
646 540 735 567 sunt.
781 534 825 567 Et
855 534 949 573 ideo,
976 539 1015 566 ut
1038 534 1228 578 distinguat

389 591 404 607 ‘⁴
418 589 508 621 inter
530 588 610 620 istos
633 593 668 620 et
690 587 780 626 illos,
797 587 904 620 debet
918 587 1058 630 signare
1073 586 1176 620 Thau
1191 587 1228 620 in
1315 584 1333 617 5

387 643 401 659 ²
419 642 532 674 fronte
548 640 756 684 gementium
773 646 807 673 et
824 640 1014 673 dolentium
1030 639 1228 683 qua[tenus]

390 696 404 711 “
418 694 578 727 ostendat
601 703 670 736 eos,
694 693 753 737 qui
780 692 900 726 dolent
915 698 951 726 et
966 698 1109 736 gemunt
1124 703 1229 735 super

389 747 754 780 “abhominationibus
777 757 845 790 que
868 745 906 778 in
932 746 1049 779 medio
1081 746 1228 778 ecclesie

388 802 402 818 ‘⁴
416 805 664 843 perpetrantur,
686 799 840 844 signatos
863 809 937 832 esse
961 799 1063 832 Thau
1078 799 1114 831 in
1131 799 1227 832 fron-

388 856 402 872 “
415 853 505 886 tibus
521 853 599 886 suis.
635 853 740 886 Tales
757 854 886 897 quippe
903 863 968 896 pro
985 853 1090 895 culpa
1105 852 1228 885 dolent
1295 852 1334 885 10

387 908 449 939 “et
471 917 535 950 pro
558 907 702 940 infamia
725 912 868 951 gemunt
891 917 995 949 super
1025 906 1228 939 abhomina-

387 963 401 979 “
415 960 566 993 tionibus
581 970 650 1003 que
666 961 752 993 fiunt
767 960 801 992 in
814 961 929 993 medio
942 960 1131 997 ciuitatum,
1148 969 1228 1002 quo-

388 1016 401 1031 “
415 1014 508 1046 niam
530 1013 565 1046 in
582 1020 712 1047 tantum
728 1014 797 1046 iam
811 1014 980 1057 processit
994 1013 1228 1046 abhominatio

388 1069 402 1085 ‘⁴
420 1068 514 1111 quod
530 1073 564 1101 et
578 1067 717 1100 infamis
732 1074 783 1100 est
799 1067 902 1111 culpa
916 1074 952 1101 et
966 1066 1150 1110 culpabilis
1173 1072 1225 1099 est

387 1121 556 1154 “infamia
567 1120 587 1154 ¹.
643 1121 748 1155 Unde
779 1121 844 1164 [si]‚
875 1121 1066 1154 foderimus
1096 1120 1227 1153 studio·
1295 1118 1333 1151 15

385 1176 399 1192 ‘⁴
414 1185 452 1208 se
486 1175 663 1218 parietem,
697 1175 894 1208 uidebimus
928 1173 1228 1208 abhominationes

389 1228 576 1268 “maiores,
607 1229 908 1262 abhominationes
938 1228 1113 1271 pessimas,
1141 1238 1228 1271 quas

386 1282 401 1299 ‘⁴
416 1282 572 1315 nonnulli
605 1289 773 1316 exercent
801 1283 838 1315 in
871 1282 1011 1325 templo.
1057 1282 1128 1315 Sex
1162 1281 1228 1314 uiri

388 1335 582 1369 “habentes
615 1347 697 1369 uasa
725 1336 885 1368 interitus
919 1335 1155 1379 unusquisque
1191 1335 1228 1367 in

388 1390 518 1422 “manu
547 1399 610 1422 sua
639 1400 702 1422 uos
730 1400 806 1422 esse
841 1389 985 1427 debetis,
1018 1389 1086 1421 uiri
1116 1388 1228 1421 uirtu-
1291 1389 1334 1420 20

387 1444 503 1476 “tum
527 1454 589 1476 sex
612 1444 752 1486 quidem
775 1450 918 1486 propter
948 1443 1082 1475 numeri
1112 1452 1229 1475 sacra-

388 1498 403 1514 “
416 1502 579 1535 mentum,
602 1503 640 1529 ut
662 1497 814 1539 perfecti
838 1497 912 1529 sitis
927 1497 962 1528 in
981 1506 1086 1539 opere
1104 1502 1139 1529 et
1155 1506 1228 1528 ser-

389 1550 403 1567 “
415 1559 532 1582 mone:
556 1551 711 1583 senarius
734 1550 828 1583 enim
850 1550 1029 1593 perfectus
1044 1555 1095 1582 est
1110 1560 1227 1582 nume-

388 1604 482 1642 “rus,
513 1613 555 1636 eo
588 1603 684 1647 quod
711 1602 868 1636 redditur
898 1614 942 1637 ex
972 1604 1042 1636 suis
1071 1603 1227 1646 partibus

388 1657 402 1674 ‘⁶
415 1657 628 1700 aggregatim
650 1657 743 1690 unde
765 1662 863 1690 sexto
886 1657 944 1690 die
967 1657 1120 1700 perfecit
1134 1657 1228 1689 Deus
1290 1653 1331 1687 25

388 1709 527 1741 “celum
550 1714 586 1742 et
608 1716 732 1743 terram
758 1716 790 1743 et
813 1720 950 1743 omnem
981 1716 1137 1744 ornatum
1166 1720 1226 1743 eo-

385 1762 400 1779 “
414 1774 499 1796 rum.
544 1763 589 1796 Et
623 1774 701 1797 cum
733 1763 768 1796 in
803 1764 1024 1807 plenitudine
1059 1764 1225 1808 temporis

384 1818 399 1834 ⁸
414 1817 566 1850 uenisset
586 1817 623 1850 in
645 1824 742 1851 sexta
758 1823 862 1858 etate,
878 1824 976 1851 sexta
990 1818 1046 1851 die
1062 1818 1126 1852 sub
1138 1818 1225 1851 hora

384 1870 399 1887 ⁴⁴
413 1876 510 1903 sexta
532 1881 641 1915 genus
656 1871 829 1904 reddemit
844 1872 1031 1905 humanum
1037 1884 1046 1910 ς
1063 1871 1225 1915 idemque

387 1926 474 1957 “sex
503 1924 624 1958 ultima
657 1925 766 1959 uerba
796 1925 885 1959 dixit
914 1926 949 1958 in
981 1936 1097 1959 cruce.
1143 1925 1226 1964 Uas,
1289 1923 1332 1956 30

383 1978 398 1994 “
414 1978 507 2021 quod
530 1984 650 2012 tenere
673 1978 806 2013 debetis
827 1980 864 2012 in
887 1979 1046 2013 manibus
1068 1979 1115 2012 ad
1138 1979 1226 2012 inte-

384 2031 399 2047 “
413 2031 606 2064 rimendum
628 2032 805 2071 scelestos,
821 2038 874 2066 est
888 2033 1098 2075 pontificalis
1113 2032 1224 2075 a[u]c-

387 2084 544 2123 “toritas,
567 2096 668 2129 quam
691 2096 854 2119 exercere
882 2086 1019 2118 debetis
1048 2086 1085 2119 in
1117 2096 1223 2129 opere

387 2140 401 2156 ‘⁴
415 2139 460 2171 ad
483 2138 721 2180 perimendum
744 2139 879 2182 iniquos
902 2140 1060 2183 exemplo
1073 2139 1226 2172 salmiste

387 2193 401 2209 ‘⁴
416 2191 575 2224 dicentisz
599 2192 644 2224 In
666 2192 839 2225 matutinis
861 2193 1099 2236 interficiebam
1114 2204 1227 2226 omnes
1289 2191 1330 2224 35

388 2246 402 2262 “
416 2248 608 2288 peccatores
629 2250 668 2278 ut
689 2246 936 2290 disperdat[ur]
959 2247 1002 2279 de
1032 2251 1128 2280 terra
1156 2258 1225 2279 me-

389 2299 403 2316 “
414 2299 523 2331 moria
544 2309 668 2331 eorum.
713 2299 766 2331 De
790 2299 856 2332 hiis
870 2300 962 2332 uasis
978 2299 1063 2332 alibi
1080 2300 1224 2333 dicitur:

388 2352 403 2369 “
420 2351 579 2384 Tetendit
600 2363 716 2385 arcum
731 2363 825 2385 suum
841 2358 875 2386 et
884 2355 1037 2396 parauit,
1053 2358 1086 2386 et
1100 2354 1136 2386 in
1151 2353 1226 2397 ipso

385 2405 558 2448 “parauit
579 2416 661 2438 uasa
683 2407 816 2440 mortis:
848 2407 999 2449 sagittas
1025 2406 1223 2440 ardentibus

388 2460 402 2476 “
415 2459 531 2502 effecit.
575 2458 686 2492 Uobis
719 2469 801 2503 ergo
834 2460 1046 2503 precipitur}
1080 2460 1224 2494 transite
1288 2461 1331 2493 40

471 2616 495 2642 7.
515 2610 643 2636 ostendit
663 2611 726 2636 eod.
745 2624 778 2630 —
800 2616 839 2643 15.
859 2613 882 2636 si
905 2611 1060 2636 foderimus
1079 2610 1178 2638 GAun.
1192 2625 1225 2630 —

383 2658 427 2684 25.
454 2654 619 2686 aggregatus
641 2653 704 2678 Coei.
737 2654 780 2678 La
799 2654 929 2679 citazione
946 2654 993 2686 qui
1015 2654 1029 2678 ὲ
1054 2654 1226 2680 raccorciata

384 2709 416 2713 ——
436 2702 477 2728 3²·
498 2695 646 2720 scelestros
668 2696 731 2720 Cod.
757 2708 791 2714 —
816 2703 858 2729 34.
884 2697 1096 2728 aperimendum
1126 2698 1190 2722 Cod.
1216 2709 1224 2715 ·

380 2738 512 2770 *exemplo
526 2745 557 2770 sp
574 2738 651 2770 Cod.;
664 2742 753 2770 queste
766 2739 817 2763 due
830 2739 921 2763 ultime
935 2740 1032 2764 lettere
1044 2747 1105 2764 sono
1118 2742 1226 2771 espunte

384 2792 416 2796 —
436 2786 477 2812 37.
497 2780 607 2810 Mausr,
626 2784 715 2812 questo
733 2781 816 2806 brana
835 2781 881 2806 del
898 2780 971 2807 Psal.
994 2788 1046 2807 roo
1059 2783 1084 2806 lo
1096 2781 1226 2815 risen-iste
1315 2788 1329 2815 5

385 2822 563 2846 variamente:
586 2822 600 2836 “
610 2824 771 2855 peccatores
789 2825 871 2854 terre,
889 2825 922 2848 ut
935 2824 1126 2857 disperderem
1139 2824 1173 2848 de
1186 2825 1226 2848 cl·

386 2862 500 2888 “vitate
519 2864 636 2889 Domini
658 2867 808 2897 operantes
826 2865 1010 2898 iniquitatem
1022 2884 1036 2898 „
1056 2879 1067 2885 -
1086 2868 1163 2891 uasis
1183 2866 1226 2891 di-

384 2906 458 2930 citur
476 2905 570 2932 Gaul).
591 2919 623 2925 --
642 2907 685 2939 38.
705 2908 827 2932 retendit
848 2906 946 2933 GAun.

475 3042 482 3058 ¹
503 3044 616 3075 Ezacu..
636 3045 710 3077 XIII,
731 3045 756 3072 8.
