2320 3444
196 242 271 265 Mun..
286 247 308 263 e.
324 246 374 266 ¹00³
421 230 490 265 148

179 469 239 493 Μ’
227 469 306 488 ‘'W‘'
324 467 388 487 ’ΜΗ
421 478 557 499 manum
580 463 948 497 excommunicationis
964 464 1173 496 sententiam
1197 463 1399 496 incidisse.

203 495 301 515 adbanl
302 474 390 514 ea¹Pu

204 522 301 542 tmmlaa

348 1847 380 1865 10

348 2061 377 2087 15

346 2271 379 2288 20

347 2482 377 2508 25

345 2691 379 2716 30

347 2903 379 2930 35

875 225 1152 261 RYCCARDI
1180 225 1250 260 DE
1278 224 1489 261 SANCTO
1520 225 1792 261 GERMANO
2089 231 2141 268 [A.
2161 230 2255 268 1227}

415 367 537 394 contra
562 371 649 397 eum,
672 364 755 401 aput
780 357 975 400 Anagniam
998 357 1191 398 penultimo
1214 356 1341 389 mensis
1365 355 1582 399 Septembris
1603 356 1640 389 in
1664 357 1756 389 festo
1780 356 2011 390 dedicationis
2039 357 2257 402 Archangeli

417 414 489 446 sine
513 424 614 446 cause
639 412 839 455 cognitione
863 409 1083 442 denuntiauit
1106 410 1218 452 ipsum
1243 410 1493 452 Imperatorem
1516 410 1551 442 in
1575 410 1682 442 latam
1706 410 1838 443 dudum
1861 416 1946 453 aput
1976 410 2144 444 Sanctum
2169 411 2257 445 Ger-

1445 464 1641 506 Imperator
1657 464 1702 495 de
1717 462 1847 506 Apulia
1861 469 1943 496 tunc
1958 465 2057 498 uenit
2073 465 2118 498 ad
2132 464 2256 498 balnea

421 519 589 552 Puteoli&
639 517 827 561 Gregorius
850 527 952 559 papa,
975 517 1019 549 de
1043 516 1206 559 Anagnia
1228 528 1291 559 per
1315 517 1508 550 Uelletrum
1540 518 1608 549 iter
1638 516 1781 555 habens,
1811 517 1904 549 redit
1934 516 1979 550 ad
2010 517 2153 551 Urbem.
2199 518 2258 552 Ad

412 584 513 616 quem
537 572 583 604 ad
606 582 701 603 suam
726 571 986 602 excusationem
1011 580 1091 602 suos
1113 570 1231 613 dirigit
1254 571 1392 602 nuntios
1415 571 1620 612 Imperator,
1643 569 1821 613 Reginum
1844 570 1979 603 scilicet
2003 576 2038 603 et
2067 570 2258 604 Barensem

410 625 705 667 archiepiscopos,
729 623 951 667 Raynaldum
977 623 1109 655 dictum
1134 624 1260 656 ducem
1282 622 1431 666 Spoleti,
1454 630 1489 656 et
1513 624 1676 656 comitem
1701 623 1889 656 Henricum
1913 624 1957 656 de
1980 623 2102 664 Malta,
2131 624 2256 668 quibus

2302 570 2320 620 ἓν

410 690 479 711 non
503 679 580 720 plus
604 678 752 709 credens
775 687 878 719 quam
902 677 1030 709 nuntiis
1053 676 1135 716 suis,
1159 677 1203 708 de
1225 677 1455 709 inuaiitudine
1480 677 1715 719 Imperatoris,
1731 677 1867 710 uocatis
1890 677 1935 709 ad
1958 677 2090 710 Urbem
2113 677 2258 720 prelatis
2302 662 2316 718 (3.

413 733 461 764 cis
486 738 617 764 montes
642 737 676 763 et
699 731 743 763 de
766 731 891 774 Regno
916 741 1002 773 quos
1025 731 1148 772 potuit,
1172 731 1209 762 in
1232 731 1364 763 octauis
1388 730 1482 763 beati
1506 730 1649 763 Martini
1672 730 1813 773 publice
1839 731 2118 764 excommunicat
2132 731 2256 776 ipsum,
2308 737 2317 762 ·,

411 791 445 818 et
468 796 531 828 per
554 790 663 817 totum
688 784 917 816 Occidentem
941 783 1074 816 litteras
1096 794 1200 826 super
1224 783 1291 816 hoc
1314 783 1436 828 dirigit
1458 784 1677 828 generales³.

498 838 643 876 Electio,
668 838 749 869 licet
772 837 921 876 diuersa,
945 836 1106 870 abbatis'
1097 848 1134 870 m
1150 837 1362 870 monasterio
1379 837 1560 870 Casinensi
1577 837 1756 870 celebrata
1771 844 1834 878 est,
1850 838 1943 871 inter
1957 848 2043 881 quos
2058 838 2256 873 Landulfu·

409 891 627 925 Senebaldus
650 901 736 924 unus
760 890 804 923 de
827 891 963 930 electis,
987 897 1227 933 representata
1249 901 1340 934 pape
1365 891 1541 924 electione
1565 891 1610 924 de
1626 892 1740 935 gratia
1755 901 1942 925 concessus
1958 898 2009 924 est
2024 891 2143 932 abbas,
2158 903 2257 925 suum

409 947 444 977 in
468 956 546 977 eum
569 943 780 986 imperatore
805 943 910 976 dante
933 953 1117 983 assensum,
1141 949 1175 976 et
1198 943 1343 976 aliorum
1366 955 1430 987 per
1451 955 1578 987 papam
1602 944 1773 977 electione
1797 945 1954 977 cassata·

496 998 597 1030 Tunc
621 997 814 1039 Imperator
836 997 911 1038 ipse
934 1006 1052 1029 mense
1077 997 1285 1030 Nouembris
1307 997 1404 1029 uenit
1429 997 1600 1036 Suessam,
1624 1003 1659 1030 et
1681 997 1763 1030 inde
1791 968 1967 1030 Gaietam·
1981 1009 2017 1030 se
2047 998 2198 1038 confert,
2220 1003 2258 1033 et

411 1053 455 1085 de
478 1051 607 1084 eisdem
631 1050 806 1094 gressibus
829 1050 985 1093 Capuam
1008 1050 1112 1088 redit,
1135 1049 1205 1088 ubi,
1229 1049 1274 1083 ad
1296 1061 1393 1083 suam
1418 1051 1686 1090 excusationem,
1704 1051 1748 1083 ad
1772 1061 1891 1084 omnes
1908 1050 2002 1084 orbis
2018 1051 2206 1095 principes,
2220 1058 2257 1086 et

409 1108 443 1139 in
467 1105 712 1138 Alamanniam
735 1104 867 1137 litteras
889 1105 1005 1144 mittit,
1028 1104 1151 1147 quibus
1175 1104 1346 1148 significat
1369 1105 1428 1143 eis,
1452 1106 1548 1148 quod
1579 1104 1625 1138 ad
1656 1106 1839 1138 transitum
1869 1111 2012 1148 paratus
2043 1116 2122 1139 cum
2154 1112 2256 1146 esset,

410 1159 676 1203 superueniente
700 1158 909 1201 egritudine,
931 1159 1078 1191 transire
1101 1169 1171 1190 non
1194 1158 1322 1201 potuit;
1340 1159 1434 1201 quod
1458 1169 1537 1191 cum
1561 1159 1703 1192 domino
1726 1170 1817 1202 pape
1839 1159 1916 1202 ipse
1939 1170 2001 1202 per
2023 1169 2103 1193 suos
2117 1160 2258 1195 nuntios

410 1214 593 1250 intimaret,
617 1222 695 1245 cum
718 1212 827 1243 nollet
850 1221 956 1253 super
979 1211 1047 1244 hoc
1071 1212 1143 1244 eius
1175 1212 1303 1244 nuntiis
1333 1211 1437 1244 fidem
1469 1213 1565 1252 dare,
1595 1218 1716 1245 contra
1745 1223 1782 1245 se
1814 1218 2036 1255 processerat
2066 1222 2131 1256 pro
2161 1219 2257 1247 motu

409 1267 548 1310 proprie
570 1265 757 1298 uoluntatis
769 1264 792 1297 ⁸.
837 1265 980 1297 Interim
1003 1275 1122 1298 omnes
1139 1265 1256 1309 Regni
1271 1265 1325 1297 sui
1349 1266 1493 1298 comites
1510 1265 1666 1308 Capuam
1683 1272 1869 1304 conuocat,
1885 1266 2004 1309 ibique
2020 1267 2110 1300 rexit
2126 1267 2256 1300 curiam

495 1405 518 1429 4.
539 1397 640 1421 Puzoli
660 1396 736 1421 Uou.
758 1410 786 1415 -
808 1395 833 1420 6.
852 1395 1046 1421 Raimundum
1066 1395 1142 1421 Uou.
1163 1410 1195 1414 —
1215 1396 1239 1422 8.
1259 1396 1449 1421 cismontanis
1468 1396 1544 1421 Uos.
1564 1409 1599 1414 -
1621 1403 1659 1428 14.
1680 1396 1716 1421 ad
1737 1396 1816 1421 orbis
1835 1397 1980 1429 principes
1999 1395 2096 1423 Gmn.

411 1497 460 1520 che
480 1495 529 1529 piu
548 1495 625 1520 tardi
645 1495 680 1520 ds.
700 1495 798 1520 Aecon
819 1494 976 1519 riserirono
995 1495 1026 1519 in
1040 1495 1118 1527 quali
1134 1496 1304 1520 condizioni

411 1540 434 1563 si
454 1540 616 1563 trovavano
637 1545 691 1562 con
710 1545 767 1562 una
786 1537 888 1562 lettera
901 1538 952 1562 che
967 1537 988 1561 il
1002 1537 1169 1567 Por-rnasr,
1185 1545 1212 1562 n.
1226 1537 1305 1569 8090,

409 1588 529 1614 assegna
549 1581 576 1605 al
597 1587 629 1612 ²3
650 1580 711 1611 ΧΠ,
731 1588 745 1605 e
764 1580 787 1605 il
806 1579 974 1609 Romucnr,
1001 1587 1028 1604 n.
1054 1579 1116 1612 9⁸⁴⁷
1138 1579 1305 1604 all’ottobre

413 1629 488 1656 ¹²27·

497 1666 506 1683 ⁸
526 1666 572 1692 Cf.
591 1666 759 1698 Rari-utor,
779 1667 899 1691 Annales
918 1668 1009 1691 eccles.
1029 1666 1066 1691 ad
1085 1674 1132 1692 an.
1149 1672 1215 1700 1²²⁷
1234 1665 1303 1698 §29-

408 1710 550 1743 Gregorio
570 1710 591 1734 il
613 1716 647 1742 29
664 1708 713 1740 Ix,
731 1717 782 1742 per
804 1710 832 1734 la
859 1710 931 1734 festa
950 1709 981 1734 di
1000 1709 1027 1734 S.
1048 1709 1170 1734 Michele
1194 1708 1303 1734 Arcan-

407 1753 481 1786 gelo‚
507 1753 564 1777 “ln
589 1753 694 1776 maiori
720 1752 840 1777 ecclesia
869 1751 1087 1785 pontificalibus
1111 1751 1302 1776 indutus....

408 1796 422 1809 ‘⁴
434 1802 590 1820 sermonem
610 1801 730 1819 exorsus
749 1794 915 1819 huiusmodi
936 1796 1053 1819 Necesse
1071 1797 1119 1824 est,
1145 1798 1175 1819 ut
1193 1795 1305 1819 vem'ant

410 1837 424 1851 “
434 1838 575 1863 scandala.
631 1855 655 1868 η,
675 1837 804 1862 dichiara
822 1837 873 1862 che
887 1836 1024 1862 Federico
1037 1844 1084 1861 era
1098 1837 1214 1861 incorso
1227 1836 1304 1861 nella

407 1881 570 1905 scomunica
589 1879 806 1912 minsccistagli
827 1879 881 1904 due
899 1880 971 1904 anni
989 1880 1083 1912 prima
1103 1879 1147 1903 nel
1167 1886 1233 1904 csso
1253 1879 1304 1903 che

408 1930 466 1947 non
487 1923 619 1955 partisse.

494 1966 537 1995 R..
557 1973 610 1999 pur
628 1965 664 1991 da
683 1966 760 1990 buon
782 1965 932 1995 cattonco,
953 1972 1011 1990 non
1025 1964 1164 1989 tralascia
1183 1964 1211 1988 di
1225 1963 1303 1989 affer-

408 2015 483 2033 mare
508 2008 557 2032 che
583 2008 612 2033 la
638 2009 804 2033 scomunica
831 2008 860 2032 fu
886 2007 994 2033 infflttn
1021 2007 1108 2032 “sine
1133 2007 1304 2039 cognitione

407 2051 420 2064 ¹¹
432 2059 514 2076 cause
526 2069 538 2082 η
553 2051 586 2075 ed
601 2051 858 2075 arbitrariamente.
884 2050 1034 2083 Gregorio,
1048 2050 1201 2079 frattsnto,
1215 2048 1252 2074 1’8
1264 2049 1305 2074 1x

408 2095 508 2118 scrisse
526 2094 554 2117 ai
575 2093 702 2126 principi
720 2093 748 2117 di
769 2092 931 2121 Germania,
952 2092 1112 2117 accusando
1125 2091 1261 2116 Federico
1274 2092 1303 2116 di

406 2143 480 2160 esser
500 2137 606 2160 venuto
625 2142 709 2160 meno
731 2136 757 2160 sl
776 2143 829 2159 suo
842 2135 978 2167 lmpegno
998 2135 1029 2160 di
1049 2134 1153 2159 recarsi
1173 2135 1202 2158 in
1216 2134 1305 2158 Terra

407 2180 497 2206 santa,
523 2185 538 2202 e
563 2176 660 2210 percio
685 2179 848 2210 spergiuro;
874 2177 928 2202 due
955 2178 1053 2210 glorni
1080 2178 1159 2209 dopo
1185 2174 1304 2201 notifico

407 2221 501 2252 quella
521 2222 686 2245 scomunica
706 2228 722 2245 a
740 2222 810 2245 tutti
832 2222 839 2244 1
863 2220 979 2245 vescovi
998 2219 1137 2244 deil'orbe
1157 2219 1303 2244 cattolico.

406 2263 471 2295 Egli
487 2271 544 2287 non
559 2263 635 2287 disse
649 2263 720 2287 falsa
741 2263 769 2287 la
788 2263 928 2294 malattia,
944 2270 988 2287 ma
1003 2269 1060 2287 non
1075 2262 1103 2286 la
1116 2263 1229 2287 ritenne
1242 2269 1304 2294 gra-

407 2313 454 2330 ve:
477 2306 689 2330 “abiect10nem
710 2306 840 2338 corporis
869 2306 987 2330 frivolis
1006 2305 1240 2330 excusationibus
1258 2311 1304 2337 ge-

409 2348 523 2372 “stiens
542 2348 665 2380 palliare
684 2349 839 2372 retrorsum
866 2347 940 2371 abiit
960 2348 994 2371 ad
1015 2348 1165 2371 consuetas
1184 2346 1304 2370 delicias

409 2389 513 2422 “regni
527 2406 550 2422 η.
587 2389 610 2413 Ε
629 2389 780 2418 continuo,
801 2389 949 2414 risacendo
969 2390 997 2413 la
1017 2389 1107 2414 storia
1127 2389 1171 2413 dei
1186 2388 1302 2413 benefici

407 2431 493 2454 recati
514 2437 530 2454 a
549 2430 686 2454 Federico
712 2430 789 2455 dalla
815 2431 929 2458 Chiesa,
955 2430 1235 2462 rimproverandogn
1262 2430 1303 2461 gli

407 2472 470 2496 esili
491 2472 535 2496 dei
556 2472 670 2504 prelati,
690 2473 716 2496 le
736 2473 919 2504 spoliazionl‚
940 2472 966 2496 le
986 2472 1156 2505 prigioniee
1170 2471 1196 2496 ie
1210 2472 1304 2503 inglu-

407 2515 447 2538 rie
467 2517 591 2538 arrecate
611 2522 627 2539 a
647 2515 739 2539 chiese
758 2515 826 2539 frati
846 2523 860 2539 e
874 2516 964 2548 preti:
979 2515 991 2527 ‘¹
1003 2514 1162 2539 obaudiens
1174 2515 1304 2546 querelas

409 2557 609 2590 “multiplices
629 2565 793 2590 pauperum,
812 2558 996 2590 popularium
1021 2560 1050 2582 ct
1076 2558 1219 2582 nobilium
1245 2565 1305 2590 pa-

409 2600 571 2625 “trimon
583 2602 608 2625 ii
628 2602 785 2625 ecclesie
796 2619 818 2632 „.
850 2601 1033 2626 Patrimonio
1048 2600 1124 2625 della
1137 2599 1241 2625 Chiesa
1254 2598 1269 2625 ὲ
1283 2600 1304 2624 ii

407 2651 494 2674 regno
514 2644 543 2667 di
562 2643 673 2673 Sicilia,
692 2651 707 2668 e
726 2645 826 2675 questo
846 2645 981 2668 concetto
1001 2643 1095 2667 svoise
1114 2643 1172 2675 egli
1193 2644 1221 2667 in
1248 2650 1304 2667 una

407 2686 507 2709 lettera
535 2685 584 2710 che
611 2686 631 2709 il
658 2686 829 2719 Rodenberg
857 2693 931 2718 pone
961 2685 1039 2709 nella
1067 2685 1121 2709 fine
1146 2685 1191 2709 del
1219 2690 1303 2716 1227:

409 2727 607 2752 “preterea
634 2735 709 2752 cum
739 2735 886 2760 regnum
915 2727 1054 2752 Sicilie
1082 2727 1192 2759 pleno
1218 2734 1301 2759 pro-

407 2770 610 2802 “prietatis
636 2770 711 2794 iure
736 2770 774 2794 ad
801 2769 992 2794 Romanam
1016 2770 1162 2801 spectet
1186 2769 1303 2794 ecele-

408 2812 525 2836 “siam
538 2828 636 2843 ......
686 2811 830 2843 Gregorio
855 2811 903 2840 IX,
929 2819 1007 2836 come
1033 2812 1056 2835 si
1083 2812 1162 2840 vede,
1188 2810 1303 2844 esagerb

407 2854 506 2885 molto,
528 2854 674 2886 pensando
699 2855 878 2886 soprattutto
902 2854 939 2878 ad
959 2854 1091 2878 umiiiare
1111 2854 1304 2886 l'imperatore

408 2903 455 2928 per
474 2896 603 2920 stabilire
624 2897 651 2920 ia
672 2895 847 2928 superior-ita
867 2896 912 2921 dei
926 2898 1048 2928 paparo:
1063 2897 1099 2920 cs.
1112 2895 1303 2926 Ronanuano,

407 2937 427 2969 1,
450 2945 496 2961 nn.
516 2937 577 2969 367,
596 2938 648 2970 368
668 2947 682 2962 e
701 2944 768 2970 3703
787 2947 834 2971 pp.
854 2937 965 2970 ²8¹·87·

495 2978 506 2994 ²
526 2980 662 3004 Federico
682 2981 702 3004 il
726 2988 755 3013 ¹3
771 2981 808 3005 IX
824 2981 852 3005 fu
874 2989 889 3005 a
903 2981 999 3009 Troia,
1019 2980 1155 3010 ΒὸιιΜιῑκ,
1176 2988 1203 3004 n.
1225 2985 1304 3012 1711,

409 3029 422 3045 e
442 3021 536 3053 percio
557 3020 571 3046 ὲ
591 3030 605 3046 a
626 3024 747 3047 ritenere
767 3023 817 3047 che
837 3024 880 3047 sia
901 3025 976 3047 stato
997 3022 1074 3047 dalla
1088 3022 1209 3046 seconda
1229 3021 1303 3046 met&

1361 1495 1389 1519 di
1410 1495 1523 1519 ottobre
1543 1496 1569 1519 ai
1590 1495 1678 1527 primi
1698 1495 1727 1520 di
1747 1495 1901 1520 novembre
1920 1495 1949 1520 ai
1961 1495 2048 1528 bagnl
2062 1496 2091 1520 di
2106 1495 2257 1526 Poznuou.

1360 1539 1443 1562 tanto
1464 1538 1569 1562 famosi
1588 1538 1623 1562 da
1644 1539 1766 1570 ispirare
1792 1538 1813 1562 il
1833 1540 1994 1571 poemetto:
2023 1538 2091 1563 ‘'De
2109 1538 2256 1564 balnei·

1362 1579 1629 1611 “Puteolanis„
1651 1580 1686 1605 da
1707 1581 1803 1605 Pietro
1823 1579 1957 1610 D'Eboli‚
1978 1580 2175 1607 ecclesiastico
2201 1589 2257 1606 me·

1359 1622 1425 1647 dico
1444 1630 1459 1647 e
1477 1623 1562 1654 poeta
1581 1624 1677 1647 morto
1697 1629 1779 1648 verso
1799 1623 1821 1647 il
1844 1629 1920 1653 1220.
1940 1622 2073 1648 dedicato
2092 1623 2152 1648 nilo
2165 1624 2257 1649 stesso

1358 1665 1549 1698 imperatore:

1463 1714 1585 1740 “Suscipe,
1601 1715 1634 1735 sol
1649 1715 1738 1742 mundi,
1753 1715 1794 1736 tibi
1808 1721 1877 1741 quem
1891 1717 1999 1741 pre-ento
2012 1715 2123 1737 libellum.
2133 1731 2153 1740 ..
2162 1731 2169 1738 .

1463 1748 1474 1760 “
1485 1749 1564 1769 Ebolei
1580 1749 1646 1774 vatis,
1661 1749 1741 1775 Cesar,
1756 1749 1905 1770 reminiscere
1918 1749 1989 1770 vestri
1998 1764 2019 1776 ,.

1444 1793 1468 1818 ΙΙ
1488 1794 1618 1827 Percopo
1639 1794 1667 1819 dl
1689 1796 1789 1826 questo
1808 1801 1910 1828 poema
1928 1793 2065 1828 pubbllco
2083 1802 2141 1820 una
2158 1794 2258 1820 tradu-

1358 1838 1442 1861 zione
1455 1836 1487 1861 in
1500 1844 1586 1870 prosa
1599 1837 1643 1861 del
1659 1844 1713 1862 sec.
1728 1837 1792 1862 xtv
1806 1837 1836 1861 in
1856 1837 1960 1863 Arch.
1977 1837 2025 1862 St.
2043 1844 2105 1870 per
2123 1836 2158 1862 le
2175 1837 2256 1862 Pro-

1358 1880 1464 1905 vince
1482 1879 1723 1912 Napoletane,
1743 1879 1790 1909 XI,
1810 1880 1927 1912 Napoll,
1950 1878 2027 1912 1886,
2046 1887 2074 1914 p.
2091 1878 2143 1913 691
2163 1886 2178 1904 e
2196 1887 2238 1912 ις.

1445 1918 1457 1936 ⁸
1475 1920 1708 1946 Probabilmente
1728 1922 1751 1945 si
1771 1922 1861 1946 tratta
1874 1920 2095 1952 deli’enciclica,
2107 1927 2194 1946 senze
2206 1921 2255 1946 ds·

1357 1965 1387 1988 tn
1404 1963 1603 1996 cronologica,
1623 1963 1674 1988 che
1696 1964 1718 1988 ii
1737 1963 1932 1994 Ronsussno,
1957 1971 1986 1989 n.
2005 1969 2066 1997 370,
2082 1971 2160 1996 pone
2178 1963 2256 1989 nelis

1357 2005 1412 2030 fine
1431 2006 1476 2030 del
1499 2011 1564 2038 ¹²²7
1583 2013 1598 2030 e
1618 2005 1639 2030 il
1666 2006 1833 2036 Por-rnAs'r,
1858 2013 1887 2031 n.
1911 2005 1990 2038 8049.
2016 2005 2094 2031 nella
2117 2004 2172 2031 fine
2196 2005 2255 2031 dei-

1357 2049 1502 2073 i’ottobre.

1445 2090 1457 2107 ⁴
1476 2091 1622 2116 Landolfo
1641 2091 1801 2116 Senebaldo
1822 2091 1852 2116 fu
1871 2090 1960 2116 eletto
1979 2091 2064 2116 abate
2083 2090 2129 2116 nel
2147 2090 2255 2116 dicem-

1356 2134 1419 2158 bre:
1438 2133 1475 2158 cf.
1494 2133 1660 2163 liminium,
1679 2137 1720 2164 op.
1741 2133 1796 2162 cit„
1816 2141 1843 2167 p.
1863 2139 1925 2165 4²1·

1444 2173 1455 2190 ⁵
1474 2175 1515 2199 La
1534 2175 1637 2200 lettera
1655 2174 1796 2199 circolare
1815 2175 1894 2199 nella
1913 2175 1997 2208 quale
2015 2173 2153 2199 FederIco
2172 2175 2196 2199 si
2209 2173 2253 2199 di-

1358 2218 1442 2242 sende
1461 2218 1538 2242 dalle
1556 2225 1655 2242 accuse
1674 2218 1771 2251 papali
1793 2225 1847 2242 con
1867 2222 1925 2242 una
1938 2218 2014 2243 certa
2027 2215 2254 2242 slterezzaedel

1358 2259 1375 2284 6
1399 2260 1466 2289 xl1;
1492 2260 1528 2285 cf.
1554 2259 1899 2289 ΗυιιιΑκο-Βειιῖκοιιιιε,
1924 2260 1975 2290 ΠΙ,
2000 2267 2028 2293 p.
2054 2265 2098 2293 37.
2133 2259 2168 2284 In
2192 2266 2255 2285 esss

1358 2303 1415 2335 egli
1437 2300 1493 2327 risa
1511 2310 1528 2327 a
1548 2310 1599 2327 suo
1619 2303 1704 2327 modo
1723 2303 1753 2327 la
1773 2304 1864 2328 storin
1882 2302 1956 2327 delle
1977 2302 2095 2328 vit-,ende
2107 2302 2152 2327 dei
2163 2308 2254 2334 regno

1358 2345 1387 2369 (11
1407 2345 1509 2370 Sicilia
1528 2352 1543 2369 e
1563 2345 1743 2377 dell'impero
1768 2345 1900 2370 Romano
1926 2345 2005 2370 daila
2031 2346 2124 2370 morte
2148 2345 2177 2370 di
2203 2351 2254 2371 sus

1358 2387 1463 2418 madre,
1483 2387 1626 2412 Costanza
1646 2388 1836 2420 imperatrice,
1856 2395 1906 2421 per
1924 2388 2095 2413 dimostrare
2113 2387 2165 2412 che
2177 2386 2255 2412 dans

1359 2429 1463 2455 Chiesa
1477 2431 1545 2455 ebbe
1558 2431 1647 2455 danni
1662 2438 1720 2455 non
1734 2431 1839 2456 favori.
1869 2431 1960 2463 segue
1972 2430 2075 2462 quindi
2087 2429 2253 2462 esponendo

1358 2471 1555 2496 dlffusamente
1574 2480 1619 2497 ma
1646 2474 1824 2498 acutamente
1850 2473 1861 2498 1
1886 2472 1953 2498 fatti
1979 2473 2008 2498 di
2033 2471 2164 2497 Brindisi
2182 2479 2198 2497 e
2221 2471 2254 2497 dt

1358 2513 1493 2545 Oti-anto,
1513 2522 1562 2547 per
1581 2516 1628 2540 cui
1648 2523 1736 2540 sveva
1757 2515 1865 2540 dovuto
1883 2515 2046 2539 rimandare
2065 2514 2094 2539 12
2107 2515 2254 2548 psrtenss.

1358 2557 1385 2580 Α
1404 2556 1546 2590 Gregorio
1565 2558 1604 2582 IX
1617 2558 1822 2590 (Romanasne,
1838 2565 1865 2582 n.
1878 2557 1939 2590 368,
1952 2565 1979 2590 p.
1994 2556 2066 2590 285),
2079 2557 2130 2582 che
2142 2557 2254 2582 l’nvevs

1359 2603 1491 2625 accusato
1505 2601 1534 2625 di
1554 2609 1611 2625 non
1631 2608 1705 2625 esser
1725 2603 1839 2634 passato
1860 2602 1889 2625 ln
1908 2601 2004 2633 tempo
2019 2601 2048 2625 in
2062 2599 2151 2625 Terre
2163 2601 2254 2630 santa,

1358 2642 1389 2667 di
1402 2650 1461 2667 non
1474 2650 1541 2667 aver
1555 2643 1622 2668 dato
1638 2642 1651 2655 ‘⁴
1662 2644 1850 2676 prescriptam
1864 2644 2022 2675 pecuniam.
2034 2661 2040 2667 .
2051 2661 2057 2667 .
2068 2659 2085 2672 .‚
2105 2649 2157 2668 nee
2170 2642 2254 2667 duxit

1360 2684 1466 2709 “mille
1486 2685 1593 2710 milites
1612 2693 1662 2718 per
1680 2686 1815 2710 biennios
1834 2685 1973 2710 tenendos
1997 2684 2104 2710 ibidem
2117 2703 2141 2718 m
2167 2684 2254 2710 Fede·

1358 2729 1417 2752 rico
1432 2728 1582 2760 risponde:
1603 2728 1617 2742 ‘¹
1628 2728 1825 2761 septingentos
1839 2727 1946 2752 milites
1959 2728 2156 2761 transalpinos
2169 2739 2203 2746 —
2215 2726 2253 2752 nd

1358 2770 1372 2784 ‘¹
1383 2772 1483 2795 nostra
1501 2771 1646 2804 stipendia
1665 2771 1795 2796 soidatos
1814 2777 1858 2795 cc.
1869 2772 1898 2795 et
1910 2776 1935 2795 ῐ..
1949 2770 2056 2795 milites
2069 2770 2152 2803 regni
2164 2783 2196 2788 —
2209 2769 2251 2794 ibi

1359 2812 1372 2825 ¹¹
1383 2812 1501 2837 seclmus
1515 2814 1642 2838 retineri.
1653 2830 1661 2838 .
1670 2829 1678 2838 .
1689 2830 1697 2838 .
1716 2813 1759 2837 De
1777 2815 1891 2838 centum
1905 2813 2035 2838 millibus
2048 2813 2196 2838 unciarum
2209 2818 2251 2837 ss-

1360 2854 1553 2884 “tisfecimus,
1579 2856 1723 2880 mittentes
1743 2856 1837 2888 primo
1857 2855 1887 2879 ln
1913 2856 2005 2880 tribus
2023 2855 2156 2880 terminis
2174 2862 2252 2880 sexs-

1359 2895 1467 2928 “gints
1493 2898 1618 2922 millium
1644 2898 1901 2928 unciarum....„.
1938 2897 2087 2930 Rigunrdo
2113 2897 2171 2921 alls
2196 2903 2252 2921 ms-

1358 2939 1450 2968 lattia,
1471 2939 1507 2964 cf.
1526 2947 1552 2972 p.
1576 2945 1632 2972 147,
1653 2947 1680 2965 n.
1700 2938 1725 2964 6.

1446 2981 1491 3006 Ma
1512 2979 1562 3014 piis
1582 2982 1631 3006 che
1650 2982 1678 3006 la
1697 2981 1839 3012 malattia.
1859 2983 1936 3006 certo
1957 2989 2015 3006 non
2042 2982 2133 3007 molto
2158 2987 2254 3014 grave,

1359 3023 1434 3047 v'era
1459 3025 1638 3056 soprattutto
1665 3030 1722 3047 una
1746 3023 1864 3054 ragione
1890 3023 2107 3048 schiettsmente
2131 3022 2254 3055 politico.

2282 831 2320 881 10

2282 1107 2296 1140 1

2301 1042 2320 1452 xwss.-mh-z·ea;.-.f.-maenas-⁴.-
2307 1023 2320 1027 1
2315 931 2320 934 .

2283 1941 2320 2004 sd.

2281 2151 2320 2208 ss?

2280 2574 2320 2633 ⁶⁵3

2279 2810 2320 2843 705

2279 3025 2310 3054 ⁷⁵
