2320 3444
316 2750 348 2768 10

318 2957 347 2982 15

374 376 462 420 “qui
493 386 579 412 eam,
610 370 845 406 exterminatis
874 369 1046 408 hereticis,
1076 368 1207 411 absque

376 432 390 448 “
404 428 675 461 contradictione
699 424 907 468 possideant,
932 428 966 455 et
988 422 1024 454 in
1048 421 1130 454 fidei
1145 433 1208 464 pu-

377 485 391 501 “
403 484 504 515 ritate
528 484 747 517 conseruent,
764 478 861 510 saluo
877 477 954 509 iure
970 475 1101 508 domini
1113 475 1209 518 prin-

376 538 390 554 “
404 535 535 577 cipalis,
559 534 688 566 nullum
712 531 899 565 dummodo
921 540 1026 573 super
1047 530 1115 561 hoc
1130 539 1210 572 pre-

377 591 470 621 “stet
491 586 706 621 obstaculum
729 596 794 618 nec
818 584 961 628 aliquod
978 583 1208 626 impedimen-

373 643 471 674 “tum
495 646 659 683 opponat,
697 639 819 672 eadem
851 637 1096 670 nichilominus
1133 637 1210 679 lege

374 696 388 712 ‘⁴
403 700 539 727 seruata
563 699 683 727 contra
706 704 766 726 eos
783 693 842 736 qui
865 702 934 725 non
951 691 1080 724 habent
1103 691 1210 724 domi-

376 750 390 766 “
403 759 465 781 nos
487 746 710 790 principales.
733 746 928 779 Credentes
951 751 1066 777 autem
1088 754 1212 787 recep-

375 803 389 820 “
402 807 540 839 tatores,
553 801 753 834 defensores
765 806 800 832 et
811 800 965 832 fautores
975 798 1210 832 hereticorum

376 854 584 887 “bannimus
607 854 758 892 firmiter,
782 858 972 886 statuentes
995 858 1033 884 ut
1055 852 1084 884 si
1108 851 1212 895 quili-

377 907 463 940 “bet
483 913 666 950 postquam
688 907 808 940 talium
839 905 945 938 fuerit
974 905 1210 937 excommuni-

375 962 390 978 “
403 960 538 993 catione
562 965 709 998 notatus,
732 960 934 993 satisfacere
966 958 1213 1001 contempserit

373 1013 388 1030 ⁸
401 1014 494 1046 infra
517 1024 654 1052 annum,
677 1024 721 1046 ex
743 1019 825 1045 tunc
848 1013 924 1055 ipso
941 1012 1015 1045 iure
1031 1012 1076 1045 sit
1097 1013 1211 1045 factus

375 1066 542 1099 “infamis
556 1077 622 1099 nec
646 1068 692 1100 ad
707 1066 847 1109 publica
862 1065 965 1099 offitia
987 1066 1045 1098 uel
1068 1066 1212 1098 consilia

376 1122 390 1138 ‘⁶
403 1121 459 1152 uel
475 1121 520 1152 ad
533 1120 711 1164 eligendos
727 1120 859 1162 aliquos
871 1120 917 1152 ad
933 1119 1132 1152 huiusmodi
1145 1129 1211 1153 nec

375 1176 389 1192 “
402 1175 446 1206 ad
462 1174 692 1207 testimonium
705 1173 922 1208 admictatur.
939 1173 993 1206 Sit
1008 1172 1110 1205 etiam
1126 1173 1210 1206 inte·

374 1227 389 1244 ‘⁴
402 1227 535 1260 stabilis
558 1234 596 1260 ut
617 1237 684 1260 nec
701 1227 817 1260 testari
830 1227 976 1260 liberam
992 1226 1122 1260 habeat
1136 1227 1212 1259 fac-

376 1281 532 1314 “tionem
554 1291 621 1314 nec
644 1281 691 1314 ad
721 1280 926 1313 hereditatis
956 1281 1212 1314 successionem

376 1335 391 1352 ‘⁴
404 1334 560 1367 accedat.
584 1333 708 1367 Nullus
730 1339 782 1367 est
803 1339 966 1376 preterea
987 1334 1024 1366 in
1047 1344 1213 1377 quocum-

378 1389 392 1405 “
405 1398 472 1431 que
495 1387 650 1432 negotio,
665 1394 719 1420 set
740 1387 814 1429 ipse
831 1388 1046 1430 respondere
1072 1387 1132 1420 alii
1156 1397 1214 1420 co-

378 1442 513 1484 “gatun
538 1440 644 1479 Quod
667 1441 695 1473 si
718 1441 808 1474 forte
831 1441 937 1473 iudex
967 1441 1118 1474 extiterit
1139 1441 1213 1474 eius

377 1496 391 1512 ‘⁶
404 1494 572 1526 sententia
593 1494 721 1527 nullam
743 1494 900 1527 obtineat
928 1495 1122 1527 firmitatem
1146 1505 1213 1528 nec

377 1548 507 1580 “cause
531 1547 644 1591 alique
674 1548 719 1580 ad
749 1548 823 1580 eius
851 1547 1065 1580 audientiam
1095 1549 1212 1592 perfe-

375 1601 389 1617 “
402 1606 533 1633 rantur.
556 1600 596 1632 Si
619 1601 728 1633 fuerit
750 1601 953 1642 aduocatus,
976 1601 1048 1634 eius
1063 1602 1213 1644 patroci-

378 1653 500 1686 “nium
523 1653 720 1686 nullatenus
744 1654 963 1687 admictatur.
996 1655 1034 1688 Si
1056 1655 1212 1697 tabellio,

377 1707 631 1740 “instrumenta
654 1708 819 1741 confecta
849 1717 912 1751 per
942 1708 1054 1751 ipsum
1086 1710 1214 1744 nullius

377 1762 392 1778 ‘⁴
405 1760 543 1803 penitus
565 1761 632 1794 sint
656 1761 821 1795 momenti
836 1761 857 1793 ¹.

466 1814 643 1857 “Nauigia
666 1825 886 1858 quocumque
912 1816 1066 1849 locorum
1090 1827 1216 1860 perue-

378 1869 392 1885 “
405 1867 518 1899 nerint
532 1868 563 1900 si
579 1878 648 1910 quo
660 1868 767 1911 [casu]
784 1869 1009 1913 contingente
1022 1876 1124 1913 rupta
1135 1872 1212 1904 fue-

378 1923 392 1939 “
405 1921 474 1954 rint
488 1921 545 1954 uel
567 1921 652 1954 alias
674 1921 720 1955 ad
743 1928 870 1955 terram
892 1925 1128 1966 peruenerint,
1144 1931 1212 1958 tam

378 1976 393 1992 ‘⁶
405 1974 544 2017 nauigia
566 1974 641 2018 ipsa
656 1985 760 2018 quam
776 1976 1014 2020 nauigantium
1037 1977 1131 2010 bona
1146 1978 1213 2011 illis

379 2029 538 2072 “integre
562 2035 791 2070 reseruentur,
824 2029 869 2062 ad
893 2040 980 2073 quos
1008 2031 1214 2074 spectabant

375 2082 390 2098 ‘⁴
402 2088 587 2126 antequam
601 2082 777 2126 nauigium
802 2083 999 2116 huiusmodi
1021 2084 1213 2127 periculum

380 2138 394 2154 ‘⁶
409 2136 622 2174 incurrisset,
646 2136 780 2169 sublata
795 2136 932 2179 penitus
954 2137 1046 2170 omni
1071 2148 1216 2172 consue-

461 2289 485 2314 4.
499 2281 652 2306 dummodo
667 2281 777 2306 nullum
791 2280 887 2307 Gnun.
902 2295 935 2299 —-
950 2289 1041 2308 10-11.
1054 2284 1086 2308 ut
1098 2284 1122 2308 si
1136 2285 1213 2316 post-

374 2333 458 2358 quam
476 2326 599 2357 quilibet
623 2325 720 2351 GAUD.
743 2340 775 2343 —
804 2326 844 2351 16.
869 2328 1033 2352 testamenti
1060 2327 1155 2354 GAun.
1179 2342 1214 2347 —

377 2377 417 2401 ¹9·
437 2370 532 2395 nullus
551 2371 576 2395 ei
597 2370 693 2396 GAun.

463 2489 471 2506 ¹
492 2490 598 2520 Queste
618 2492 808 2524 disposizioni
829 2494 1006 2518 severissime
1018 2495 1121 2519 contro
1141 2494 1167 2519 le
1187 2494 1265 2519 varie

373 2533 465 2565 specie
485 2532 515 2556 dl
534 2533 632 2557 ereticl
651 2540 666 2557 e
685 2533 730 2558 dei
749 2533 812 2558 loro
834 2535 941 2559 fautori
957 2547 989 2552 —
1004 2534 1112 2566 Catari,
1125 2535 1266 2565 Patarim,

372 2574 513 2604 Leonisti‚
532 2573 704 2606 Spetonistl,
717 2575 881 2600 Arnaldisti
897 2583 952 2601 ecc.
966 2590 1009 2606 —,
1025 2577 1196 2602 accresciute
1215 2575 1266 2610 piu

373 2617 448 2640 tardi
463 2616 498 2640 da
513 2617 586 2641 altre
599 2617 674 2649 leggl
689 2625 703 2642 e
717 2618 875 2643 ordinanze
894 2620 924 2643 in
938 2618 1024 2644 Italia
1038 2627 1052 2643 e
1066 2620 1096 2643 ln
1111 2618 1266 2645 Germanln

374 2657 593 2691 (Constitutiones
611 2660 695 2692 regni
712 2661 835 2689 Siciliae.
855 2661 917 2685 Lib.
930 2661 950 2690 1,
966 2662 1012 2686 tit.
1028 2668 1071 2694 1-3
1090 2668 1159 2692 ece-3
1173 2663 1215 2687 M.
1235 2662 1265 2687 G.

374 2702 410 2726 li.
425 2702 493 2731 LL.‚
507 2701 543 2731 11,
562 2710 610 2735 pp.
630 2702 720 2735 282-3,
739 2703 774 2733 11,
796 2704 885 2736 1230),
904 2704 962 2729 han
982 2704 1058 2729 tatto
1077 2706 1190 2730 credere
1215 2706 1267 2731 che

373 2743 509 2768 Federico
528 2745 611 2770 abbia
630 2746 732 2770 voluto
751 2747 879 2770 mettersi
898 2754 915 2771 a
934 2754 1006 2779 capo
1026 2747 1102 2772 della
1121 2748 1196 2772 totta
1216 2755 1266 2772 an-

374 2785 539 2816 ticlericale‚
558 2787 639 2818 quasi
660 2787 742 2812 abbia
763 2787 863 2813 voluto
883 2788 935 2813 dar
955 2789 1074 2821 ragione
1093 2789 1150 2814 alla
1164 2790 1266 2821 quinta

374 2834 472 2852 accusa
491 2829 630 2861 mossagll
650 2829 696 2853 dal
717 2830 859 2855 marchese
878 2831 907 2855 di
928 2830 1109 2856 Monserrato
1124 2831 1169 2856 nel
1189 2831 1266 2857 Con-

375 2869 444 2893 cilio
464 2870 653 2895 Lateranense
673 2872 717 2896 del
739 2878 818 2905 ¹²15=
838 2871 908 2903 eice,
927 2872 1040 2905 ch’eg11,
1060 2874 1090 2897 in
1112 2873 1266 2898 confronto

375 2911 450 2935 della
469 2912 571 2937 chiesa
591 2913 729 2943 Romana,
750 2915 825 2939 fosse
844 2916 972 2939 ritenuto
993 2913 1006 2927 “
1018 2922 1111 2947 regem
1125 2916 1266 2948 presbyte-

377 2953 390 2966 “
401 2961 493 2977 rorum
506 2963 535 2985 „3
554 2954 590 2979 cs.
610 2954 646 2979 G.
666 2956 774 2986 Vomus,
794 2957 903 2981 Eretici
921 2966 934 2981 e
948 2957 1013 2982 moti
1024 2958 1150 2982 ereticali
1160 2959 1211 2983 dal
1222 2959 1270 2983 X!

377 2996 407 3019 al
418 2996 497 3020 XIV
507 2998 592 3021 secolo
610 2998 654 3021 nei
672 2999 727 3022 loro
745 2999 841 3023 motim'
858 3008 872 3023 e
896 3000 1068 3029 riferimenti
1089 3000 1193 3031 sociali,
1213 3000 1268 3025 Mx-

378 3036 453 3069 lano,
477 3044 552 3073 1907,
572 3045 598 3071 p.
621 3046 668 3073 109
687 3048 701 3064 e
720 3047 769 3077 ες..
798 3041 862 3065 Νοη
883 3039 921 3067 s’e
941 3043 1035 3070 intesa
1055 3041 1154 3068 affatto
1173 3043 1201 3067 la
1220 3050 1267 3079 po-

833 237 1108 274 RYCCARDI
1137 235 1208 271 DE
1237 231 1448 270 SANcTo
1476 215 1747 267 GERMANO

2042 233 2094 269 [A.
2115 233 2209 269 1220]

1277 851 1316 884 10

1278 1119 1315 1152 15

1275 1389 1317 1421 20

1275 1657 1316 1690 25

1276 1926 1318 1958 30

1319 2494 1431 2519 slzlone
1444 2495 1560 2519 assunta
1578 2494 1614 2518 da
1627 2493 1763 2518 Federico
1776 2493 1803 2517 11
1816 2493 1938 2525 rispetto
1952 2491 1980 2516 nl
1993 2491 2107 2524 papate,
2119 2489 2214 2516 eh’era

1319 2538 1464 2569 piuttosto
1482 2536 1607 2561 un’abile
1621 2544 1714 2561 mossa
1726 2536 1851 2569 pontica
1863 2542 1913 2568 per
1926 2534 2088 2559 rintuzzare
2106 2533 2133 2559 le
2145 2540 2213 2559 con-

1318 2580 1399 2604 tinue
1418 2580 1526 2612 pretese
1545 2578 1643 2612 papali
1662 2586 1678 2603 a
1704 2578 1804 2603 favore
1823 2577 1896 2602 delle
1922 2576 2057 2602 Croclate
2076 2577 2107 2602 ln
2124 2575 2214 2600 Terra

1319 2622 1416 2652 εαυτῆς
1437 2621 1459 2645 ll
1474 2622 1520 2646 cul
1538 2622 1714 2646 entusIasmo
1727 2627 1775 2645 era
1789 2619 1917 2650 sbollito,
1929 2619 2107 2651 soprattutto
2117 2625 2169 2652 per
2186 2617 2215 2643 le

1319 2665 1426 2689 mutate
1439 2663 1608 2689 condizioni
1622 2663 1763 2696 polltlche
1775 2663 1809 2687 ed
1822 2661 2007 2687 economiche
2020 2660 2214 2694 deIIOEuropa.

1320 2706 1464 2735 Federlco,
1484 2706 1534 2730 che
1554 2713 1641 2731 aveva
1661 2713 1743 2738 preso
1762 2712 1812 2738 per
1830 2705 1858 2729 la
1877 2705 1969 2736 prims
1988 2703 2070 2728 volta
2088 2703 2117 2728 la
2133 2709 2214 2728 eroce

1320 2748 1367 2772 nel
1386 2753 1420 2779 27
1441 2747 1500 2778 XII,
1521 2755 1600 2781 1²¹5·
1618 2748 1732 2780 quando
1752 2748 1782 2772 su
1802 2748 1944 2771 coronato
1958 2753 1987 2770 re
2009 2746 2038 2770 dl
2058 2744 2215 2771 Germanis

1319 2791 1350 2815 ln
1370 2790 1561 2823 Aquisgrana,
1580 2790 1614 2815 ed
1635 2798 1724 2815 avevs
1742 2790 1771 2814 al
1796 2791 1892 2822 tempo
1918 2788 1995 2813 della
2020 2795 2069 2813 sua
2096 2794 2213 2814 coron·-

1321 2834 1407 2858 zione
1431 2835 1565 2858 ottenuta
1584 2834 1612 2858 la
1631 2834 1732 2866 quarta
1751 2839 1875 2867 proroga
1900 2839 1949 2864 per
1974 2831 2098 2856 inlzlare
2116 2831 2146 2856 la
2163 2837 2214 2856 sus

1321 2882 1477 2908 campagus
1498 2876 1546 2900 nel
1571 2875 1671 2908 luoghi
1691 2876 1778 2906 santi,
1796 2874 1906 2900 mlrava
1925 2881 1942 2899 a
1967 2874 2137 2899 dimostnre
2155 2871 2213 2898 nlla

1320 2915 1408 2941 Curia
1428 2925 1546 2942 romana
1560 2919 1668 2950 quanto
1680 2917 1789 2950 grande
1802 2917 1876 2941 fosse
1890 2917 1989 2941 invece
2008 2916 2039 2940 ln
2057 2915 2172 2948 Europa
2191 2914 2213 2940 n

1320 2960 1446 2992 pericolo
1466 2960 1540 2984 delle
1558 2961 1646 2985 eresie
1659 2960 1763 2984 dentro
1777 2960 1798 2984 11
1818 2958 1925 2984 mondo
1939 2958 2087 2988 cattollco,
2105 2965 2120 2983 e
2133 2964 2214 2983 come

1320 3008 1482 3028 occorresse
1501 3002 1652 3036 rlpararvi.
