2320 3444
381 369 475 401 “hoc
499 367 656 400 uenimus
679 366 724 399 ad
749 365 974 407 colloquium,
998 369 1036 396 ut
1059 363 1127 395 alia
1150 374 1218 406 que

377 423 391 439 ⁸
408 423 452 454 de
489 422 555 453 hac
594 430 698 452 causa
734 419 937 461 pertulimus
982 416 1219 450 obmictamus.

376 474 485 517 “Ipso
516 480 631 506 autem
662 473 887 514 Imperatore,
919 471 977 513 qui
1004 476 1042 502 ut
1065 475 1220 502 transea-

379 530 482 560 “mus
505 538 546 559 eo
578 537 644 569 que
677 536 743 557 nec
776 531 868 557 esset
899 524 1007 557 breue
1039 533 1105 556 nec
1135 523 1219 556 utile

379 583 597 617 “recensere,
623 579 849 611 transfretare
872 578 909 609 in
931 583 1040 609 estate
1061 576 1220 619 proxima

379 636 500 665 “nunc
534 632 701 674 preterita
732 631 919 663 tenebatur
944 630 989 662 ad
1019 630 1057 662 id
1089 640 1220 672 nequa-

379 689 507 729 “quam
530 691 664 728 parato,
688 690 790 727 prout
814 685 886 716 eius
911 690 945 716 et
962 683 1220 716 christianitatis

379 742 519 772 “honor
543 749 584 770 ac
608 737 739 781 negotii
763 737 987 780 exposcebat.
1033 736 1078 768 Et
1107 735 1219 768 karis-

378 794 491 827 “simo
514 794 585 825 filio
611 798 727 825 nostro
750 792 905 824 Iohanne
929 791 1053 823 illustri
1078 801 1161 834 rege
1178 801 1218 823 ac

378 846 596 879 “uenerabili
629 846 737 877 fratre
769 850 888 877 nostro
921 844 1094 886 patriarca
1125 844 1222 877 Iero-

376 900 601 933 “solimitano
625 900 771 942 aliisque
810 898 1062 940 sollempnibus
1092 898 1221 930 nuntiis

377 955 392 971 ‘⁴
405 954 448 986 ab
461 965 502 986 eo
519 954 651 996 pluries
667 959 808 995 propter
823 952 892 984 hoc
910 951 955 984 ad
973 957 1125 983 nostram
1140 962 1219 994 pre-

375 1009 389 1024 “
404 1007 548 1040 sentiam
562 1007 742 1040 destinatis
759 1006 915 1048 cepimus
927 1005 1080 1048 grauiter
1091 1004 1219 1037 ansiari

377 1061 590 1094 “hesitando
614 1061 701 1104 quid
723 1060 824 1093 nobis
850 1065 939 1092 esset
961 1060 1111 1091 intanto
1135 1058 1222 1091 arti-

377 1118 391 1134 “
406 1116 485 1148 culo
510 1115 721 1147 faciendum.
767 1113 859 1146 Hinc
885 1112 1130 1145 oblocutiones
1146 1111 1220 1143 illo-

377 1173 491 1207 “rum,
514 1168 574 1212 qui
604 1168 716 1211 parati
749 1173 830 1200 sunt
859 1177 929 1198 non
960 1165 1070 1198 solum
1093 1165 1129 1197 in
1154 1164 1220 1197 hiis

377 1225 391 1241 “
405 1233 472 1267 que
495 1223 658 1266 ignorant
681 1221 856 1253 deteriora
879 1228 1082 1263 presumere
1098 1229 1219 1250 uerum

374 1278 389 1294 ¹‘
404 1278 507 1310 etiam
530 1286 571 1309 ea
594 1287 661 1319 que
683 1275 927 1308 indubitanter
942 1273 1035 1306 bona
1051 1278 1141 1306 esset
1159 1282 1220 1305 no·

377 1331 391 1348 “
404 1337 527 1363 uerunt
542 1341 611 1363 non
629 1331 790 1363 dubitant
813 1329 1024 1371 deprauare3
1049 1327 1130 1360 hinc
1147 1327 1219 1359 dis-

377 1385 391 1401 “
404 1385 576 1416 solutione
600 1383 733 1427 negotii
743 1383 784 1415 'et
798 1381 1026 1415 ultramarine
1051 1387 1144 1413 terre
1159 1390 1220 1422 pe-

374 1437 388 1453 “
405 1438 515 1470 ricula
538 1437 744 1481 cogitantes,
767 1437 858 1468 inter
881 1436 944 1468 has
975 1441 1009 1467 et
1033 1434 1119 1467 alias
1141 1444 1220 1476 per-

377 1493 391 1508 “
404 1491 578 1533 plexiores
601 1490 779 1533 angustias
795 1490 839 1522 de
856 1490 1000 1520 fratrum
1024 1493 1219 1520 nostrorum

378 1546 393 1562 ‘⁴
407 1544 553 1576 consilio
570 1543 839 1577 conuocauimus
855 1542 1043 1584 episcopos
1066 1540 1220 1574 conuici-

376 1597 391 1613 “
406 1608 479 1636 nOS,
497 1603 530 1630 et
546 1604 668 1640 aperto
685 1598 735 1629 eis
751 1597 857 1629 animi
874 1596 982 1628 nostri
999 1606 1042 1627 ex
1065 1601 1147 1627 tunc
1163 1605 1218 1626 su-

379 1652 466 1693 “per
490 1651 557 1684 hoc
581 1650 792 1692 trac[ta]tum
806 1650 1012 1693 diligentem
1037 1648 1221 1681 habuimus

376 1704 484 1737 “cum
516 1705 644 1736 eisdem
677 1710 711 1736 et
740 1704 808 1746 ipsi
839 1702 1006 1735 fratribus
1029 1701 1155 1734 nostris
1178 1710 1219 1732 ac

377 1759 391 1775 ‘⁴
405 1757 582 1800 prephatis
599 1757 782 1800 episcopis,
799 1767 866 1789 nec
881 1767 950 1789 non
974 1755 1143 1798 predictis
1165 1763 1218 1786 re-

379 1813 450 1855 “ge
475 1810 685 1853 patriar'cha
722 1810 917 1843 uenerabili
954 1810 1064 1842 fratre
1101 1814 1220 1840 nostro

378 1866 393 1882 “
407 1865 574 1907 episcopo
598 1864 887 1903 Bethelemitan0‚
909 1863 1075 1906 magistro
1099 1863 1220 1894 domus

379 1917 672 1950 “Teutonicorum
697 1928 739 1950 ac
755 1917 1004 1960 quibus[sdam]
1027 1915 1220 1958 templariis

378 1973 392 1989 ⁹
405 1977 440 2003 et
462 1971 706 2014 hospitaleriis,
729 1981 816 2014 quos
840 1982 882 2004 eo
906 1969 1001 2014 quod
1023 1971 1119 2013 ipsos
1141 1979 1217 2012 spe-

375 2025 389 2041 ¹‘
406 2025 546 2057 cialiter
569 2024 737 2068 tangebat
759 2024 869 2066 ipsius
884 2024 997 2056 Terre
1013 2028 1135 2055 sancte
1158 2033 1218 2054 ne—

377 2077 536 2122 “gotium
553 2079 711 2110 duximus
734 2077 990 2115 admictendos,
1014 2075 1219 2120 quibusdam

377 2133 391 2149 ‘⁶
405 2131 507 2164 etiarn
532 2130 615 2174 ipsis
631 2132 805 2174 episcopis
822 2131 1076 2174 crucesignatis
1091 2136 1125 2162 et
1142 2129 1221 2162 aliis

376 2187 486 2217 “tunc
510 2185 544 2216 in
576 2191 693 2217 nostra
722 2185 899 2227 presentia
929 2183 1137 2221 constitutis,
1168 2189 1221 2215 est

374 2236 389 2254 “
405 2238 626 2270 concorditer
637 2238 748 2270 uisum
762 2237 931 2279 expedire
944 2236 1127 2270 terminum
1139 2246 1218 2279 pro-

376 2290 391 2307 “
405 2291 521 2334 rogari
537 2290 746 2333 predictum.
790 2290 919 2323 Eorum
935 2301 1020 2335 ergo
1034 2291 1116 2323 freti
1134 2301 1218 2324 con-

377 2343 492 2376 “siliis
515 2354 622 2386 usque
646 2345 691 2376 ad
715 2344 891 2376 biennium
914 2345 1025 2386 ipsum
1052 2344 1219 2376 terminus

377 2398 392 2415 ‘⁴
405 2407 643 2440 prorogamus.
687 2397 741 2430 Ita
762 2397 930 2430 uidelicet
951 2397 1047 2440 quod
1063 2397 1218 2440 Impera-

378 2451 460 2483 “tor
482 2450 570 2492 ipse,
593 2450 637 2484 ab
661 2449 818 2494 Augusto
841 2451 999 2493 proxime
1021 2462 1115 2484 nunc
1139 2461 1218 2493 pre-

375 2503 390 2520 “
404 2504 507 2536 terito
529 2514 639 2547 usque
664 2505 708 2537 ad
732 2504 818 2537 duos
848 2515 960 2537 annos
989 2510 1127 2537 tenetur
1149 2503 1217 2537 iter

378 2555 559 2600 “arripere
593 2557 842 2590 transfretandi
877 2557 1040 2590 astrictus
1073 2558 1120 2590 ad
1154 2555 1218 2590 du-

377 2609 556 2643 “cendum
579 2620 698 2643 secum
721 2621 829 2651 usque
853 2611 899 2643 ad
922 2616 1056 2644 certum
1081 2616 1216 2654 tempus

376 2663 390 2679 ‘⁴
405 2669 538 2695 certum
562 2674 742 2696 numerum
776 2663 922 2696 militum
946 2670 982 2696 et
1005 2664 1049 2697 ad
1073 2664 1141 2696 alia
1165 2664 1218 2696 fa-

377 2716 530 2749 “cienda
551 2727 619 2760 que
642 2717 860 2759 presentibus
884 2717 1095 2759 explicanda
1118 2716 1218 2749 duxi-

377 2769 479 2802 “mus
516 2769 704 2812 sigillatim.
757 2770 916 2803 Tenetur
952 2771 1123 2813 siquidem
1154 2781 1219 2813 per

460 2919 485 2944 9.
504 2920 537 2937 ac
555 2922 603 2938 om.
623 2912 720 2938 GAUD.
741 2928 771 2932 —
788 2920 829 2938 12.
843 2914 940 2947 plures
953 2912 1050 2939 GAtm.
1069 2927 1103 2932 —-
1124 2921 1166 2945 14.
1186 2914 1217 2938 in

372 2957 456 2980 tantu
475 2956 571 2982 GAun.
592 2971 622 2975 ——
644 2964 686 2990 ²4·
704 2960 766 2983 estu
790 2958 852 2983 Cod.
871 2967 885 2982 e
905 2958 1002 2984 GAun.
1025 2971 1058 2977 -
1083 2965 1126 2991 34.
1146 2959 1217 2991 ipsis

372 3008 422 3025 om.
442 3000 538 3027 GAun.

1286 844 1324 875 10

1285 1109 1323 1142 15

1283 1378 1323 1409 20

1282 1645 1323 1678 25

1282 1914 1324 1946 30

1282 2180 1323 2214 35

1283 2450 1324 2481 40

1283 2716 1322 2749 45
