2320 3444
63 230 65 232 ’
117 241 203 276 [ΛΑ.
224 242 416 277 1211-12121

895 235 1176 271 CHRONICA

46 363 54 390 Ῐ
116 365 258 406 Bantre,
284 373 322 400 ut
355 378 498 402 roccam
527 367 637 411 ipsam
669 367 868 400 restitueret
899 377 957 400 ec-

116 420 222 454 clesie
244 420 444 460 Casinensi3
470 428 506 456 et
535 432 613 454 cum
645 431 775 465 paucos
805 421 854 454 ibi
885 421 957 453 dies

55 470 72 504 J
107 473 260 507 duceret
272 475 309 507 in
324 474 432 508 letitia
447 480 483 507 et
497 475 720 514 exultatione,
732 473 957 507 benedic'tio-

54 536 57 550 ··
81 558 85 562 ,
113 537 193 560 nem
216 534 364 571 accepta
388 533 424 561 et
446 528 586 562 licentia
610 527 800 570 apostolica
824 532 858 559 et
881 537 956 559 car-

62 588 67 608 ‘-
114 580 291 621 dinalium,
325 592 362 615 se
396 581 535 625 nauigio
570 581 707 624 recipit,
742 587 777 614 et
805 579 957 613 feliciter

56 642 63 678 g
89 670 92 674 ,
114 633 257 668 Ianuam
280 635 472 678 applicans,
494 635 578 668 inde
599 645 664 678 per
689 634 895 667 Cremonam
923 638 957 664 et

54 725 68 738 *a
115 687 294 722 Ueronam
306 689 314 707 ¹
328 688 590 732 transalpinauit
603 698 678 721 cum
691 687 820 730 paucis.
840 685 955 725 Quem

55 749 71 786 ss
115 742 200 776 dicti
223 742 443 785 imperatoris
466 742 594 784 [emuli]
617 742 720 774 ualde
736 741 888 784 benigne
903 750 956 772 re-

115 795 294 839 cipientes,
316 806 454 839 gressus
476 801 511 828 et
531 796 599 828 iter
621 795 695 828 eius
710 800 832 828 contra
846 795 956 837 impe-

56 851 79 886 ·.ζ”
113 854 264 882 ratorem
287 849 399 892 ipsum
422 849 458 881 in
482 848 573 881 uiam
595 853 739 887 rectam,
762 853 797 880 et
828 857 896 880 non
920 847 957 879 in

113 903 257 941 inuium,
280 903 497 940 direxerunt3
522 912 585 945 per
607 912 694 945 quos
717 901 866 945 qualiter
895 910 957 933 rex

114 956 319 1000 profecerit,
342 966 403 989 suo
429 956 510 988 loco
524 955 682 999 relinquo
698 954 851 998 apertius
866 955 957 987 refe-

58 1020 71 1059 s:
113 1009 270 1044 rendum.

201 1115 443 1160 [M⁰CC⁰XII⁰]
465 1116 590 1150 Mense
614 1115 703 1149 Iunii
725 1116 840 1150 dictus
866 1126 958 1159 papa

61 1190 62 1193 =
114 1171 337 1205 Innocentius
359 1169 488 1203 Urbem
513 1170 631 1203 exiens
661 1169 699 1202 in
731 1168 957 1212 Campaniam

108 1225 222 1263 uenit,
237 1229 273 1257 et
287 1224 382 1267 apud
397 1222 555 1268 Signiam
567 1223 580 1241 ¹
595 1233 727 1256 moram
742 1223 878 1256 faciens
896 1233 958 1265 per

115 1283 259 1311 estatem
296 1287 414 1310 mense
452 1276 669 1320 Septembris
709 1276 876 1310 remeauit
912 1275 958 1308 ad

59 1328 61 1331 ’
115 1330 260 1364 Urbem.

63 1391 65 1396 ’
203 1385 325 1418 Petrus
348 1385 470 1418 Celani
487 1394 604 1418 comes
624 1385 793 1429 languore
817 1393 956 1425 correp-

53 1431 69 1474 “,
115 1444 169 1472 tus
199 1438 292 1472 diem
323 1438 447 1472 clausit
480 1444 670 1472 extremum
683 1437 707 1470 ⁸.
753 1437 832 1470 Hoc
867 1446 958 1469 anno

54 1497 72 1507 ’
116 1492 294 1526 christiani
310 1492 498 1535 principes,
519 1502 580 1525 rex
603 1491 768 1525 uidelicet
790 1491 958 1525 castella-

54 1539 73 1579 ἶ
116 1557 191 1586 nus,
206 1556 270 1579 rex
291 1545 461 1584 Nauarre,
486 1552 522 1579 et
536 1555 599 1578 rex
622 1545 854 1588 Arragonum,
879 1555 957 1577 cum

116 1598 377 1633 Mirammolino
393 1600 662 1632 Sarracenorum
674 1599 868 1642 principem
881 1610 958 1642 pre-

62 1667 75 1687 .’.
117 1652 199 1686 lium
222 1653 498 1692 commictentes,
514 1653 581 1686 Dei
603 1653 746 1685 fauente
770 1653 906 1691 uirtute,
922 1652 958 1684 in

69 1741 79 1747 ,,
117 1706 298 1752 Hyspania
327 1712 448 1740 contra
483 1707 696 1740 Sarracenos
725 1707 958 1750 optinuerunt.

67 1762 78 1796 ζ·
119 1759 238 1800 Quod,
272 1761 319 1794 ad
355 1762 506 1793 omnium
543 1760 763 1794 orientalium
796 1759 958 1804 gaudium

82 1843 85 1845 ,
117 1814 180 1858 [ut]
209 1814 255 1847 ab
285 1814 337 1847 eis
366 1814 410 1847 de
441 1820 536 1847 tanta
566 1814 762 1847 christianis
792 1824 959 1847 concessa

96 1883 98 1885 ·
117 1867 265 1902 uictoria
287 1868 382 1901 Deus
403 1879 547 1912 magnus
564 1868 724 1901 dominus
750 1868 958 1907 laudaretur,

68 1934 70 1937 ·
116 1920 208 1955 idem
237 1932 300 1954 rex
323 1921 539 1954 Castellanus
569 1921 710 1954 domino
735 1931 828 1964 papa
856 1920 958 1954 Inno-

117 1974 234 2008 centio
267 1985 332 2017 per
361 1985 440 2007 suas
469 1974 582 2007 uoluit
611 1975 750 2008 lieteras
783 1974 960 2014 intimare,

80 2059 83 2066 „
117 2037 203 2072 quas
223 2028 306 2060 huic
329 2027 480 2061 inserere
504 2027 602 2071 operi
625 2038 694 2060 non
710 2027 858 2060 arbitror
873 2028 959 2061 otio-

70 2072 87 2095 '³
117 2090 202 2113 sum.
240 2080 368 2113 Earum
386 2091 511 2123 nempe
528 2086 629 2114 tenor
643 2079 723 2113 talis
734 2086 801 2113 est:
824 2081 839 2098 ‘⁴
853 2080 962 2113 Sanc-

75 2155 90 2176 ·;
123 2134 280 2166 ‘tissimo
313 2133 402 2176 patri
437 2144 479 2167 ac
513 2133 656 2167 domino
686 2134 723 2166 in
753 2133 819 2167 Dei
848 2134 961 2177 gratia

88 2230 89 2233 ¹
123 2188 140 2205 ⁸
153 2186 296 2221 Summo
333 2187 495 2221 Pontifici
532 2186 805 2231 A[ldephonsus]
840 2187 960 2220 eadem

91 2347 95 2351 ⁴
207 2339 232 2366 7.
250 2332 472 2358 transalbinavit
487 2333 550 2357 Cod.
562 2345 596 2350 -
612 2339 652 2364 14.
664 2333 696 2357 al
706 2333 830 2366 margine
843 2336 961 2358 esterno:

82 2382 105 2402 '³
119 2376 302 2403 M.CC.⁰XI1⁰
321 2378 386 2403 Cod.
404 2389 438 2396 —
458 2383 499 2409 ²3·
524 2377 743 2402 Mirammollno
770 2378 850 2406 σατις
876 2378 961 2403 Mira-

121 2421 306 2448 mmmolino
320 2421 424 2451 GAUD..
437 2429 507 2446 come
521 2423 593 2453 uella
605 2422 718 2447 secanda
732 2423 876 2448 redazione
888 2423 962 2448 della

87 2458 88 2461 Ἴ
122 2466 218 2498 Cron.‚·
236 2475 279 2492 nea
297 2468 326 2492 la
345 2467 444 2491 latone
462 2466 680 2491 Mirammolino
698 2467 712 2491 ὲ
725 2467 777 2498 pi&
795 2470 883 2492 esatta

120 2564 234 2591 dall’ab.
253 2565 398 2594 Rom-edm
419 2564 456 2590 cs.
476 2572 521 2598 pp.
541 2569 572 2596 25
594 2572 621 2589 n.
643 2571 654 2589 1
675 2571 690 2590 e
704 2564 747 2591 26.
783 2566 837 2591 Nel
852 2567 972 2599 Regesto
985 2566 1016 2592 dn·

91 2621 92 2624 =
120 2606 272 2633 ΤοκΜΑεο
290 2608 398 2638 decano,
417 2608 475 2637 cit„
494 2614 520 2639 p.
533 2614 576 2639 4¹·
590 2614 632 2639 43,
647 2613 691 2640 45,
704 2613 747 2640 47,
762 2608 788 2633 sl
806 2608 842 2633 ha
856 2609 913 2642 egli
934 2617 1013 2634 come

32 2671 34 2673 .
80 2655 100 2673 .‘
120 2650 276 2675 camerario
295 2651 326 2674 in
345 2649 398 2675 due
418 2650 497 2674 doce.
511 2648 641 2682 dell'apr.
659 2655 733 2682 1214.
772 2650 811 2675 La
825 2652 1013 2676 reatituzlone

123 2691 154 2717 dl
173 2699 255 2718 rocca
272 2692 378 2718 Bantra
397 2690 464 2725 pote
483 2693 620 2716 avvenlre
639 2691 684 2717 nel
705 2699 779 2717 mese
797 2693 926 2725 d’aprile,
937 2694 1013 2726 glac-

29 2739 32 2740 ’
89 2728 94 2732 ’
123 2732 173 2759 che
190 2733 326 2759 Federlco
345 2735 366 2759 il
388 2742 400 2759 x
421 2734 536 2767 magglo
548 2733 579 2759 fu
593 2741 609 2759 a
623 2732 759 2759 Genova:
775 2734 788 2748 “
799 2734 951 2760 Federleus
963 2743 1013 2760 rex

91 2765 96 2793 s
123 2774 249 2802 'Sicine
267 2777 298 2801 ln
323 2776 461 2802 Kalendis
486 2776 580 2801 Madli
603 2775 704 2800 Ianum
731 2777 813 2802 venit
837 2784 899 2802 cum
923 2778 1014 2810 galeis

84 2819 108 2854 '⁴
124 2817 272 2850 “quatuor
290 2820 319 2844 et
337 2818 493 2844 honorifice
513 2826 528 2843 a
548 2818 624 2843 clero
643 2819 671 2843 et
684 2818 794 2852 populo
807 2821 935 2852 receptus
950 2820 1015 2849 tuit.

79 2862 103 2875 .·
127 2858 180 2885 “et
203 2861 235 2885 in
260 2861 379 2886 civitate
406 2869 514 2886 moram
540 2861 610 2886 fecit
635 2868 684 2894 per
709 2867 818 2885 menses
847 2862 1014 2893 tres....,„

36 2912 42 2935 5
84 2891 99 2934 ζ’
125 2901 228 2928 Anah·
249 2904 382 2929 omma·
398 2904 428 2928 di
448 2903 579 2937 Cassam,
599 2904 656 2932 cit„
676 2903 711 2932 11.
733 2909 791 2927 122.

213 2943 222 2962 ¹
235 2945 262 2970 A
275 2944 416 2971 Cremona
430 2946 460 2970 fu
473 2945 496 2970 n
511 2953 545 2978 30
559 2946 615 2977 lug.
630 2954 644 2969 e
659 2953 674 2969 a
694 2946 807 2970 Verona
823 2945 843 2970 il
859 2951 890 2978 25
904 2948 1015 2979 agusto.

83 3018 85 3022 ι
99 3022 100 3025 ¹
213 2985 226 3003 ²
244 2987 372 3012 Bouana
389 2995 454 3017 ecc..
474 2995 501 3012 n.
522 2987 600 3021 6¹32,
620 2985 655 3012 da
675 2987 702 3011 ln
716 2989 821 3012 venuta
835 2987 865 3012 dl
878 2988 1014 3012 Innocen-

94 3030 101 3052 ἵ
127 3035 163 3053 zo
179 3027 220 3054 111
238 3029 265 3054 al
287 3037 316 3062 13
336 3029 394 3062 lug.
416 3035 498 3062 12123
513 3027 562 3063 pii:
577 3030 838 3062 opportunamente
852 3029 1017 3059 Porrimsr,

1116 378 1180 410 per
1202 367 1408 401 Cremonam
1432 373 1467 401 et
1489 367 1667 401 Ueronam
1689 366 1805 399 inuitis
1818 366 1957 400 Medio-

1115 420 1322 460 lanensibus,
1339 421 1397 464 qui
1414 421 1486 454 eius
1502 421 1672 464 impedire
1688 420 1866 454 transitum
1880 430 1956 452 cre-

1116 474 1289 513 diderunt,
1305 474 1570 517 transalpinauit
1586 485 1665 507 cum
1681 474 1812 518 paucis.
1854 474 1957 506 Hunc

1116 526 1200 559 dicti
1238 527 1375 560 Ottonis
1411 528 1516 560 emuli
1553 527 1704 571 benigne
1738 526 1957 570 recipientes,

1115 590 1253 623 gressus
1278 587 1313 614 et
1342 582 1408 614 iter
1439 581 1513 614 eius
1543 587 1665 614 contra
1692 591 1768 614 eum
1799 582 1835 614 in
1866 581 1956 613 uiam

1115 639 1258 672 rectam,
1275 641 1311 667 et
1327 645 1396 667 non
1412 635 1450 667 in
1465 635 1607 675 inuium,
1623 635 1835 668 direxerunt.
1859 635 1956 673 Qua—

1116 686 1193 719 liter
1214 688 1319 730 igitur
1342 699 1403 721 rex
1425 689 1501 731 ipse
1516 689 1553 721 in
1568 689 1706 732 imperii
1727 688 1957 732 acquisitione

1115 741 1317 782 profecerit,
1333 742 1525 785 qualiterue
1542 742 1730 785 optinuerit
1742 747 1863 776 contra
1874 753 1958 775 eun-

1116 794 1193 827 dem
1210 795 1383 834 ottonem,
1399 795 1486 828 locis
1499 796 1657 840 relinquo
1674 796 1823 839 propriis
1846 796 1958 839 aptius

1025 847 1062 878 10
1116 848 1351 881 referendum.
1369 871 1371 874 ψ

1205 1116 1421 1150 M⁰CC⁰X11⁰
1457 1127 1574 1151 mense
1610 1118 1699 1151 Iunii
1738 1120 1960 1153 Innocentius

1116 1181 1208 1214 papa
1231 1170 1363 1203 Urbem
1386 1171 1505 1204 exiens
1520 1172 1617 1204 uenit
1639 1171 1806 1215 Signiam,
1822 1173 1880 1206 ubi
1896 1184 1960 1216 per

1118 1230 1261 1257 estatem
1289 1235 1419 1257 moram
1449 1225 1584 1258 faciens
1615 1236 1730 1258 mense
1760 1226 1955 1269 Septembri

1117 1277 1286 1310 remeauit
1308 1278 1354 1310 ad
1377 1277 1520 1311 Urbem.

1205 1330 1330 1364 Petrus
1365 1331 1485 1364 Celani
1524 1343 1642 1365 comes
1679 1333 1844 1376 languore
1883 1344 1959 1366 cor-

1118 1391 1235 1428 reptus
1258 1384 1355 1418 obiit.

1204 1439 1283 1471 Hoc
1305 1449 1396 1472 anno
1420 1439 1599 1472 christiani
1622 1440 1811 1483 principes,
1834 1441 1959 1473 uideli-

1118 1497 1175 1525 cet
1189 1503 1250 1525 rex
1266 1491 1429 1531 castelle,
1446 1503 1507 1526 rex
1530 1492 1689 1526 Nauarre
1713 1499 1749 1526 et
1772 1505 1832 1526 rex
1854 1493 1960 1526 Arra-

1117 1556 1247 1590 gonum
1263 1557 1342 1579 cum
1357 1545 1675 1580 Miramammolino
1688 1547 1959 1581 Sarracenorum

1118 1600 1278 1643 principe
1316 1600 1463 1642 prelium
1503 1600 1672 1639 ineuntes,
1710 1601 1775 1634 Dei
1814 1601 1958 1634 fauente

1117 1654 1255 1692 uirtute,
1273 1660 1394 1687 contra
1409 1665 1484 1687 eum
1502 1654 1737 1696 optinuerunt.
1782 1655 1890 1694 Quod
1913 1656 1958 1688 ad

1118 1708 1269 1740 omnium
1292 1707 1510 1741 orientalium
1533 1709 1697 1751 gaudium
1722 1714 1757 1741 et
1779 1709 1961 1742 exultatio-

1119 1772 1214 1800 nem;
1238 1762 1331 1794 idem
1354 1771 1417 1794 rex
1440 1761 1591 1794 Castelle
1622 1763 1666 1795 de
1689 1767 1782 1795 tanta
1805 1762 1963 1795 christia-

1118 1816 1170 1848 nis
1207 1814 1421 1859 principibus
1458 1815 1582 1848 celitus
1613 1825 1779 1848 concessa
1815 1816 1963 1848 uictoria

1118 1869 1212 1903 dicto
1235 1869 1437 1901 Innocentio
1459 1878 1549 1911 pape
1575 1869 1704 1901 litteras
1727 1869 1841 1901 mittit.
1879 1869 1962 1902 Mit-

1117 1923 1158 1955 tit
1185 1923 1288 1955 etiam
1320 1922 1364 1955 de
1397 1923 1551 1965 acceptis
1582 1922 1851 1955 Sarracenorum
1882 1932 1961 1964 spo-

1118 1975 1173 2009 liis
1203 1976 1317 2009 eidem
1351 1974 1572 2008 honorabilia
1610 1975 1742 2013 exenia,
1778 1976 1959 2008 tentorium

1118 2029 1285 2062 uidelicet
1314 2033 1423 2061 totum
1452 2028 1599 2061 sericum
1623 2034 1659 2061 et
1688 2029 1852 2061 uexillum
1877 2038 1961 2061 auro

1120 2088 1327 2116 contextum.
1373 2082 1479 2122 Quod
1494 2083 1530 2115 in
1545 2082 1713 2124 principis
1729 2082 1961 2124 apostolorum

1118 2135 1262 2169 basilica
1283 2137 1319 2168 in
1343 2135 1479 2168 laudem
1501 2135 1649 2168 nominis
1673 2134 1802 2167 Christi
1831 2145 1964 2178 appen-

1119 2199 1193 2222 sum
1218 2195 1281 2222 est.

1026 1165 1063 1198 15

1021 1435 1064 1467 20

1022 1701 1063 1733 25

1024 1970 1065 2001 30

1067 2574 1094 2591 n.
1114 2564 1192 2599 4548,
1211 2566 1238 2590 la
1257 2565 1321 2589 fissa
1342 2565 1384 2588 fra
1403 2563 1426 2588 il
1448 2563 1479 2587 16
1498 2571 1512 2587 e
1533 2563 1554 2587 ii
1575 2569 1606 2595 ²3
1627 2563 1750 2595 giugno.

1155 2606 1166 2623 ³
1185 2607 1219 2632 K.
1238 2607 1354 2635 ΗΑΜΡΕ,
1375 2607 1507 2631 Deutsclte
1526 2605 1655 2638 Angriff'e
1668 2605 1723 2637 auf
1731 2605 1781 2628 das
1796 2604 1962 2636 Kb'nigreich

1067 2651 1180 2676 Sizilien
1200 2650 1234 2674 im
1253 2650 1370 2682 Arc-fang
1382 2649 1428 2673 des
1442 2648 1527 2672 XIII
1537 2648 1619 2680 Jahr.
1657 2646 1838 2671 Historische
1852 2646 1962 2671 Vierte-

1065 2692 1246 2727 ljarsschrist,
1260 2692 1290 2716 Β.
1310 2690 1369 2723 vn,
1388 2686 1526 2720 Dmsden,
1548 2696 1623 2721 1904,
1640 2697 1684 2722 pp.
1700 2688 1774 2721 81-3,
1789 2689 1824 2713 da
1839 2695 1894 2713 una
1909 2689 1962 2713 let-

1066 2737 1127 2760 tera
1146 2735 1177 2759 di
1194 2734 1401 2766 condoglianze
1420 2733 1553 2757 mandata
1575 2732 1608 2756 da
1631 2739 1667 2756 un
1689 2732 1855 2763 partigiano
1876 2732 1905 2755 di
1923 2731 1962 2756 fa-

1067 2777 1168 2810 miglia
1187 2783 1203 2801 a
1221 2775 1364 2801 Rainaldo
1385 2776 1415 2800 di
1435 2775 1531 2808 Capua
1551 2775 1585 2798 ha
1606 2774 1724 2798 dedotto
1745 2773 1795 2798 che
1816 2774 1913 2798 Pietro
1934 2774 1962 2798 di

1068 2819 1177 2845 Celano
1197 2819 1272 2844 fosse
1297 2821 1391 2843 morto
1418 2819 1508 2850 prima
1534 2817 1585 2841 che
1611 2817 1719 2841 Ottone
1745 2817 1964 2842 s’allontanasse

1068 2862 1225 2887 dall’Itana
1246 2870 1260 2886 a
1280 2861 1334 2885 fine
1353 2861 1383 2885 dl
1403 2861 1540 2884 febbraio.
1578 2859 1608 2883 E.
1629 2859 1773 2891 ῙΛΜΙΒΟΝ,
1804 2859 1822 2883 Ι
1842 2859 1913 2883 conti
1936 2860 1966 2884 di

1069 2905 1168 2929 Molise
1186 2912 1200 2928 e
1220 2904 1250 2928 di
1267 2903 1377 2928 Alarsia
1391 2903 1434 2926 nei
1445 2902 1528 2927 secoli
1539 2901 1627 2925 Xlle
1642 2901 1728 2931 XIII,
1744 2901 1964 2932 Casalbordino,

1072 2953 1147 2978 1932,
1166 2953 1212 2979 pp.
1231 2951 1264 2978 47
1285 2954 1299 2969 e
1317 2953 1352 2977 90
1369 2952 1384 2969 e
1403 2951 1447 2976 91,
1465 2945 1500 2968 ha
1520 2943 1572 2967 ben
1593 2943 1775 2971 dimostrato,
1802 2943 1875 2968 sulla
1902 2943 1964 2967 fede

1069 2988 1097 3012 di
1119 2994 1157 3011 un
1176 2987 1237 3011 doc.
1256 2986 1400 3019 origlnalc
1419 2985 1547 3017 dell’apr.
1564 2990 1639 3015 1212,
1653 2985 1703 3008 che
1717 2985 1739 3009 11
1754 2986 1838 3009 conte
1851 2985 1908 3017 agli
1933 2992 1960 3010 ιι

1070 3030 1097 3054 di
1114 3029 1186 3053 febb.
1203 3035 1266 3053 1212
1287 3035 1335 3053 era
1357 3029 1433 3058 vivo,
1452 3035 1466 3051 e
1481 3027 1557 3051 forse
1571 3027 1600 3051 lo
1613 3034 1661 3051 era
1675 3034 1779 3051 ancora
1793 3026 1963 3060 nell'aprile.

1903 233 1950 270 35
1982 245 2057 269 Mun..
2072 251 2106 265 cc.
2117 245 2192 270 984-85

2012 365 2143 386 Cremonam
2163 367 2186 386 et

2009 392 2095 413 exinde
2120 393 2186 413 Vero-

2009 425 2070 442 nam.

1987 1432 2075 1452 Bellum
2093 1432 2201 1452 christia·

2013 1465 2094 1479 norum
2107 1461 2130 1479 et
2143 1460 2198 1479 Sar-

2013 1492 2106 1506 racenor
2113 1492 2158 1507 um.

1992 1805 2094 1826 Victoria
2107 1805 2135 1825 de
2144 1805 2199 1826 Sar-

2015 1832 2102 1853 meinis
2110 1832 2197 1853 habita.

1991 2693 2025 2711 20

1993 2907 2024 2933 25
