2320 3444
325 265 372 300 52
779 244 1050 286 RYCCARDI
1079 239 1150 277 DE
1178 234 1391 274 SANCTO
1419 225 1691 268 GERMANO
1987 222 2040 259 [Α.
2060 220 2154 254 1213]

325 397 340 414 ‘⁴
355 402 470 429 sentur
485 392 613 426 nomini
629 386 825 422 christiano.
853 383 1059 415 Innouamus
1081 383 1160 418 pre-

328 450 452 483 “terea
485 437 850 479 excommunicationis
882 430 1089 466 sententiam
1123 427 1160 459 in

328 502 526 535 “Laterano
550 494 700 530 concilio
723 488 974 535 promulgatam
997 482 1161 515 aduersus

330 557 344 573 ‘⁴
356 566 415 588 eos
438 553 494 596 qui
517 546 717 582 sarracenis
732 553 836 580 arma,
853 542 984 573 ferrum
1000 541 1035 568 et
1051 535 1161 578 ligna-

330 610 344 626 “
358 608 448 640 mina
470 605 630 637 deferunt
653 599 839 643 galearum,
864 593 989 637 quique
1012 589 1048 621 in
1070 587 1162 630 pira·
1248 581 1266 614 5

331 663 344 678 ‘⁴
358 659 436 693 ticis
452 658 720 690 sarracenorum
737 647 883 682 nauibus
900 654 1018 678 curam
1035 640 1163 685 guber-

330 714 344 730 “
359 710 506 745 nationis
533 711 712 741 exercent:
743 711 871 744 eosque
903 707 1017 730 rerum
1049 694 1164 736 priua-

331 766 452 798 “tione
476 760 610 795 multari
633 765 667 792 et
689 754 900 800 capientium
922 759 1051 786 seruos,
1074 752 1112 779 ut
1134 744 1164 777 si

334 819 349 837 “
362 818 454 861 capti
476 815 606 848 fuerint
628 813 704 845 sore
729 817 917 843 censemus,
932 801 1166 847 precipientes

333 875 397 904 “ut
429 881 493 913 per
527 877 646 901 omnes
678 863 783 897 urbes
819 858 1009 893 maritimas
1045 852 1166 886 diebus
1233 848 1271 880 10

331 927 345 942 “
361 922 543 957 dominicis
567 926 601 953 et
624 917 757 951 festiuis
779 911 975 947 huiusmodi
997 906 1168 941 sententia

335 977 500 1021 “publice
535 975 731 1007 innouetur.
776 968 918 1004 Uerum,
951 973 1029 996 cum
1064 959 1168 1002 longe

336 1033 350 1049 ‘⁴
362 1031 439 1074 plus
454 1030 498 1062 de
516 1028 633 1061 diuina
649 1022 830 1058 clementia
845 1029 947 1064 quam
963 1017 1007 1049 de
1020 1015 1170 1046 humana

336 1087 350 1102 “
362 1084 536 1117 confidere
559 1078 715 1123 potentia
739 1075 936 1109 debeamus,
953 1071 1091 1113 oportet
1106 1074 1170 1097 nos

337 1139 399 1170 “in
432 1136 494 1170 tali
528 1133 692 1168 conflictu
725 1140 795 1163 non
829 1134 898 1160 tam
933 1119 1171 1166 corporalibus
1238 1116 1275 1148 15

338 1193 352 1209 ‘⁴
365 1191 467 1223 armis
483 1198 584 1232 quam
600 1183 831 1229 spiritualibus
847 1179 1025 1213 dimicare.
1071 1174 1173 1206 Ideo-

339 1247 353 1262 “
367 1255 434 1286 que
457 1242 637 1275 statuimus
660 1244 695 1271 et
720 1236 933 1270 mandamus,
962 1236 1000 1263 ut
1030 1225 1174 1270 singulis

339 1297 540 1329 “mensibus
570 1294 630 1326 fiat
659 1290 765 1324 semel
794 1285 971 1331 processio
1002 1278 1175 1326 generalis

340 1353 519 1383 “seorsum
555 1347 715 1383 uirorum,
751 1348 785 1375 et
816 1348 980 1375 seorsum,
1010 1334 1069 1367 ubi
1100 1331 1175 1364 fieri

341 1403 507 1446 “poterit,
530 1400 710 1432 mulierum
731 1397 768 1428 in
794 1392 984 1426 humilitate
1000 1386 1125 1420 mentis
1140 1390 1176 1416 et
1238 1385 1280 1415 20

342 1455 523 1498 “corporis
548 1463 624 1486 cum
648 1451 774 1484 deuota
798 1447 990 1480 orationum
1012 1438 1176 1473 instantia

341 1510 355 1526 “
371 1507 626 1551 postulantium,
671 1509 709 1536 ut
761 1500 957 1534 misericors
1009 1493 1177 1527 Dominus

343 1562 506 1594 “auferat
529 1571 549 1592 a
578 1558 677 1591 nobis
706 1558 772 1589 hoc
804 1549 1019 1587 confusionis
1050 1546 1177 1589 obpro-

345 1615 482 1647 “brium
516 1612 699 1646 liberando
733 1615 859 1641 terram
893 1604 999 1641 illam,
1034 1601 1070 1633 in
1109 1608 1179 1641 qua

345 1670 533 1701 “uniuersa
554 1662 799 1706 redemptionis
825 1665 940 1693 nostre
963 1657 1179 1688 sacramenta
1243 1652 1284 1684 25

345 1724 359 1740 ‘⁴
372 1720 505 1765 peregit
527 1720 570 1752 de
587 1717 744 1750 manibus
760 1722 973 1758 paganorum
997 1707 1177 1741 restituen·

344 1775 359 1792 ‘⁴
374 1776 419 1808 do
434 1775 529 1806 illam
546 1773 590 1805 ad
607 1771 741 1803 laudem
755 1774 789 1801 et
804 1766 949 1811 gloriam
966 1761 1115 1796 nominis
1130 1758 1181 1792 sui

346 1828 501 1871 “populo
529 1825 725 1861 christiano,
756 1820 895 1865 prouiso
925 1817 1116 1861 prudenter
1146 1813 1181 1844 in

348 1883 449 1925 “ipsa
482 1879 704 1923 processione
742 1875 825 1918 [ubi]
863 1882 1001 1915 semper
1037 1867 1183 1901 uerbum

347 1937 361 1953 ‘⁴
374 1935 551 1967 salutifere
569 1933 681 1965 crucis
697 1941 775 1963 cum
791 1925 951 1971 diligenti
967 1921 1182 1956 exortatione
1246 1920 1289 1952 30

350 1988 598 2031 “proponatun
645 1982 805 2017 Orationi
834 1989 918 2013 uero
949 1975 1116 2010 ieiunium
1150 1979 1184 2005 et

351 2041 592 2085 “helymosina
625 2037 890 2079 coniungantur,
919 2037 958 2064 ut
987 2030 1054 2062 hiis
1085 2026 1184 2071 quasi

351 2098 365 2113 ‘⁶
378 2095 441 2127 alis
463 2093 600 2126 facilius
621 2096 656 2123 et
680 2089 827 2122 celerius
842 2087 917 2129 ipsa
931 2084 1026 2117 uolet
1041 2082 1087 2115 ad
1103 2080 1187 2123 piis-

354 2150 367 2165 “
379 2148 481 2179 simas
503 2156 601 2178 aures
623 2143 699 2182 Dei,
724 2142 783 2185 qui
799 2151 861 2173 nos
877 2139 1067 2172 clementer
1083 2144 1188 2167 exau-

351 2201 450 2233 “diat
473 2201 509 2230 in
533 2205 687 2240 tempore
705 2201 886 2238 oportuno.
933 2189 1086 2233 Singulis
1101 2197 1187 2220 uero
1250 2185 1292 2219 35

352 2253 502 2286 “diebus
536 2252 625 2283 intra
659 2250 836 2281 missarum
871 2243 1076 2286 sollempnia
1110 2246 1188 2284 post

351 2308 366 2324 ‘⁶
381 2306 477 2348 pacis
514 2305 678 2341 osculum,
716 2312 794 2334 cum
828 2301 895 2332 iam
930 2308 994 2341 pro
1032 2294 1189 2338 peccatis

354 2362 368 2378 ‘⁶
382 2359 500 2391 mundi
514 2356 694 2390 offerenda
707 2361 756 2387 est
768 2353 879 2386 hostia
891 2351 1061 2387 salutaris,
1073 2358 1192 2381 omnes

356 2415 450 2445 “tam
482 2411 548 2444 uiri
582 2421 684 2452 quam
714 2407 874 2440 mulieres
904 2403 1082 2436 humiliter
1111 2411 1192 2444 pro-

357 2469 579 2498 “sternantur
602 2463 636 2494 in
659 2469 784 2494 terram
807 2466 842 2493 et
872 2469 891 2491 a
922 2456 1059 2490 clericis
1088 2453 1193 2498 p[sal-
1257 2454 1299 2486 40

358 2522 372 2537 “
386 2519 471 2560 mu]s
493 2519 574 2550 iste:
600 2516 693 2549 Deus
715 2517 878 2546 uenerunt
896 2514 1019 2554 gentes
1034 2510 1070 2541 in
1085 2507 1194 2549 lte[re-

360 2570 536 2613 “ditatemJ
559 2569 675 2612 t[uam]
706 2567 776 2600 alta
805 2576 893 2599 uoce
924 2569 1094 2600 cantetur,
1126 2569 1194 2603 quo

360 2627 374 2643 ‘⁴
387 2636 464 2658 cum
481 2625 547 2656 hoc
563 2632 664 2655 uersu
680 2622 805 2654 deuote
822 2619 916 2652 finito
932 2619 1086 2659 exurgat
1101 2613 1196 2647 Deus

359 2680 373 2696 ‘⁴
387 2683 419 2710 et
441 2677 647 2720 dissipentur
669 2673 801 2707 inimici
828 2673 908 2711 eius,
939 2669 1104 2703 sacerdos
1135 2667 1194 2710 qui

360 2731 374 2747 “
390 2730 542 2763 celebrat
563 2730 653 2760 hanc
670 2727 858 2760 orationem
875 2725 1053 2756 decantet:
1076 2723 1091 2739 ‘⁴
1105 2720 1198 2753 Deus
1262 2720 1303 2753 45

362 2786 376 2802 ‘⁶
394 2783 479 2826 “qui
503 2780 707 2814 ammirabili
734 2777 954 2822 prouidentia
985 2779 1113 2808 cuncta
1145 2772 1198 2804 di-

366 2838 380 2854 “
396 2837 410 2852 ¹⁴
425 2836 542 2877 sponis
564 2841 598 2867 te
621 2833 797 2876 supplices
824 2839 1004 2864 exoramus
1019 2833 1057 2860 ut
1072 2832 1198 2860 terram

449 2977 473 3003 3.
492 2969 664 3002 promulgari
687 2968 750 2993 Cod.
770 2978 802 2985 —-
821 2973 846 2998 4.
866 2971 955 2990 armes
975 2964 1004 2988 di
1017 2963 1110 2994 prima
1124 2968 1202 2986 mano

366 3016 428 3041 Cod.
448 3028 480 3033 —
502 3013 541 3039 16.
560 3021 648 3038 armes
667 3013 697 3037 di
709 3011 801 3043 prima
820 3018 896 3035 mano
919 3009 990 3038 Coa„
1006 3008 1055 3039 poi
1073 3009 1190 3032 corretto
