2320 3444
41 2131 43 2134 ⁴
65 2127 99 2146 10

67 2341 98 2368 ¹⁵

69 2763 100 2792 ²⁵

115 217 168 254 [A.
188 218 282 254 122⁶]

118 345 239 378 “hanc
269 345 398 378 fecisse
421 345 569 383 dicatur,
597 345 732 378 ratione
762 352 959 389 prospecta,

119 399 134 416 ⁴
147 398 190 431 de
212 398 343 431 saniori
366 398 513 432 consilio
528 398 719 432 reuocabit.
766 399 828 432 Set
843 404 960 431 uestra

118 451 331 489 “temeritaffi
362 452 392 484 si
422 452 621 495 diligentius
643 452 843 491 aduertatis,
873 452 959 484 illud

118 504 228 537 “inde
251 515 356 547 super
377 515 414 538 se
437 505 538 538 citius
552 506 700 548 recipiet
722 505 902 549 grauitatis
923 511 961 537 ut

118 558 134 576 ⁴
148 558 193 591 de
217 557 314 591 facili
337 559 524 591 emendare
547 565 699 602 nequeat
721 559 816 602 quod
848 558 960 591 delin-

119 610 234 654 ‘quit.
279 610 385 644 Unde
408 613 437 644 si
466 612 512 644 ad
541 617 674 645 tantum
705 612 843 645 facinus
872 611 961 643 ulci-

119 663 316 698 “scendum
340 671 462 698 contra
487 675 552 698 nos
574 665 877 698 animaduersione
901 663 963 696 de-

119 719 134 736 “
147 717 221 751 bita
244 723 398 751 nostrum
420 718 605 760 imperium
632 723 841 755 moueretur,
873 717 961 750 sicut

120 773 136 790 ⁶
147 770 246 804 iuxta
258 771 298 803 in
313 771 379 803 hiis
393 771 495 804 uobis
510 770 659 804 facultas
674 781 744 803 non
759 776 962 813 suppeteret

119 826 135 842 ⁸
149 824 350 863 excusandi,
379 825 431 857 sic
460 834 531 856 non
564 824 779 857 inuenieritis
812 823 961 867 aliquem

120 879 136 896 ⁸
147 877 314 911 aduersus
334 877 466 911 iustitie
481 882 597 910 nostre
613 877 803 918 potentiam
825 877 961 909 adiuto-

121 933 214 964 “res.
261 931 428 964 Uolentes
456 930 563 974 igitur
585 935 738 962 nostram
764 934 962 962 mansuetu-

121 985 136 1003 “
149 984 265 1017 dinem
288 995 310 1017 a
331 983 430 1017 uobis
452 989 522 1017 tam
545 983 700 1027 grauiter
722 994 793 1016 non
815 982 964 1019 offendi,

121 1039 137 1056 ⁴⁶
150 1037 207 1081 qui
231 1037 346 1080 potius
375 1037 422 1069 ad
451 1036 713 1069 retributionem
744 1035 963 1068 subditorum

121 1090 280 1124 “inflecti
294 1090 485 1134 gaudemus
499 1099 602 1133 quam
625 1089 736 1122 seuire
759 1089 794 1122 in
818 1088 965 1122 subditis

122 1144 196 1176 “ad
226 1143 428 1182 uindictam,
458 1142 523 1176 sub
549 1142 832 1176 interminatione
854 1142 966 1186 gratie

119 1197 135 1215 ⁴⁶
150 1202 269 1230 nostre
291 1195 392 1230 uobis
414 1196 541 1229 iterato
564 1196 795 1239 precipiendo
821 1196 966 1228 manda-

122 1253 138 1270 “
150 1261 236 1289 mus,
259 1255 429 1294 quatenus
450 1250 546 1283 iuxta
562 1250 658 1293 quod
673 1249 742 1292 [ab]
758 1249 966 1282 excellentia

123 1306 268 1337 “nostra
290 1304 359 1336 iam
381 1303 507 1336 iterum
530 1303 716 1346 recepistis
739 1314 804 1346 per
825 1302 967 1336 lieteras

124 1359 139 1376 “
152 1362 188 1390 et
200 1357 360 1390 nunctios
375 1362 511 1390 nostros
525 1357 562 1389 in
577 1357 751 1389 mandatis
766 1356 910 1389 firmiter
922 1357 966 1389 de

124 1412 140 1429 “
152 1410 280 1444 nuntiis
303 1416 339 1443 et
359 1409 525 1444 militibus
539 1409 826 1449 transmittendis,
841 1410 967 1454 exequi

125 1464 351 1498 “nullatenus
380 1463 588 1503 admictatis‚
611 1464 701 1496 sicut
726 1464 851 1496 iustam
873 1464 967 1496 indi-

55 1517 143 1558 .mr“
153 1517 370 1563 gnationem'
393 1523 544 1551 nostram
567 1517 694 1560 cupitis
715 1516 845 1550 euitare
859 1517 881 1550 ².

212 1651 234 1670 ι.
254 1645 401 1679 perspecta
419 1644 517 1670 Gaui».
537 1657 567 1662 —-
589 1652 615 1677 9.
635 1644 719 1670 nobis
737 1653 787 1669 non
805 1645 889 1670 vobis
903 1645 967 1670 Cod.

209 1773 220 1792 ί
238 1775 366 1800 Domata
384 1775 413 1800 la
431 1775 535 1801 stema
554 1783 569 1799 e
587 1774 706 1806 l’Italia,
724 1775 862 1800 Federico
874 1775 953 1800 volle
972 1783 1022 1800 an—

120 1818 173 1844 che
190 1818 236 1843 Ῑιι·
255 1818 349 1843 valere
370 1819 379 1842 i
399 1817 496 1843 diritti
516 1818 662 1850 imperiali
680 1818 757 1843 sulio
775 1819 866 1843 stesso
887 1817 1021 1843 dominio

122 1860 298 1886 ten-{tonale
317 1860 394 1885 della
413 1859 527 1885 Chlesa.
563 1860 767 1885 Dimenticava
786 1858 863 1893 pero,
884 1868 899 1885 e
920 1862 1021 1892 questo

122 1909 169 1928 era
187 1904 367 1936 soprattutto
387 1902 410 1927 ii
429 1909 481 1927 suo
501 1904 590 1933 torto,
609 1902 660 1927 che
679 1902 724 1927 col
738 1910 789 1927 suo
802 1903 961 1936 privilegio
975 1903 1021 1927 del

125 1952 156 1970 η
175 1945 237 1976 vn,
258 1952 335 1978 ¹²¹3·
354 1952 409 1970 con
428 1945 507 1970 bolla
527 1944 608 1970 d’oro
627 1945 694 1970 dato
714 1944 750 1970 nd
763 1945 847 1977 Egra,
860 1946 920 1978 egli
932 1952 1023 1970 aveva

123 1996 173 2022 per
191 1987 322 2023 l’impero
342 1988 509 2012 rinunciato
527 1989 749 2022 espressamente
767 1989 794 2012 ai
821 1988 920 2013 diritti
946 1987 1022 2020 degli

123 2031 192 2057 altri
210 2031 380 2064 imperatori
399 2031 476 2055 nelio
495 2032 574 2056 stato
592 2031 800 2063 ecclesIastIco‚
821 2039 836 2056 e
861 2031 1024 2056 dichiarato

124 2073 184 2106 che,
202 2081 255 2107 pur
273 2073 417 2099 chismate
437 2072 516 2098 dallo
530 2073 620 2098 stesso
634 2080 716 2106 papa.
736 2080 795 2098 non
809 2073 930 2098 avrebbe
943 2080 1024 2105 preso

125 2123 251 2150 neppure
269 2116 292 2141 il
311 2115 405 2146 fodro,
425 2123 508 2140 senza
521 2123 578 2140 uno
592 2115 715 2149 speclale
727 2116 856 2142 incarieo
875 2115 920 2140 del
935 2122 1023 2149 papa:

124 2160 213 2185 “cum
231 2159 266 2184 ad
286 2158 483 2191 recipiendam
502 2165 637 2183 eoronam
657 2158 773 2191 imperii
792 2159 837 2183 vel
857 2165 910 2191 pro
930 2165 1024 2183 neces-

126 2201 140 2216 ⁰
151 2203 285 2228 sitatibus
302 2202 422 2227 ecclesia
441 2202 476 2227 ab
495 2201 655 2234 apostolica
673 2201 738 2227 sede
751 2202 850 2227 vocati
864 2201 1024 2226 venerImus

127 2245 192 2270 “de
222 2244 393 2270 mandato
425 2245 547 2269 summi
576 2244 780 2277 pontificis
809 2244 1024 2277 recipiemus

128 2286 435 2322 “procuratIones
466 2286 547 2311 sive
577 2285 637 2311 sod
649 2294 720 2311 rum
753 2286 793 2311 ab
825 2286 908 2310 illis
922 2293 955 2318 ,,;
987 2286 1025 2310 es.

125 2327 465 2360 ΗυηιΑκο-Βκέηοιικε,
485 2329 508 2358 1,
528 2336 555 2361 p.
569 2327 634 2362 269;
650 2329 785 2358 Bonum,
799 2336 826 2353 n.
841 2327 904 2361 706.
931 2328 1023 2353 L'orl-

125 2373 193 2406 gine
205 2378 282 2402 vera,
302 2371 332 2396 io
345 2371 383 2396 ha
397 2372 498 2396 notato
509 2371 581 2396 bene
595 2371 616 2396 ii
631 2371 767 2396 Paoluecl
782 2370 835 2404 (op.
855 2371 908 2403 cia,
923 2378 970 2404 pp.
990 2377 1022 2403 ²3

125 2421 141 2440 e
161 2413 215 2447 28),
234 2414 311 2439 della
330 2414 406 2438 lotta
425 2414 471 2438 col
492 2415 599 2447 papato
619 2421 677 2438 non
697 2415 741 2438 sta
755 2413 832 2439 nella
846 2414 964 2438 nomina
979 2413 1023 2438 dei

125 2457 242 2482 vescovi
262 2464 311 2489 per
324 2456 433 2481 l’Itaiia
445 2455 645 2485 Meridionale,
660 2455 752 2481 ch’era
765 2463 823 2480 una
836 2457 1025 2488 usurpazione

127 2500 158 2526 di
176 2499 271 2526 dli-itti
291 2499 327 2524 da
346 2500 427 2531 parte
451 2498 496 2523 del
522 2506 595 2532 papa
619 2500 722 2524 contro
747 2499 954 2531 l'imperatore;
980 2506 1024 2524 ma

127 2543 271 2575 pluttosto
290 2541 551 2573 neil’usurpazione
565 2541 612 2566 del
624 2541 722 2566 diritti
737 2541 883 2574 imperiali
895 2541 932 2566 da
945 2543 1026 2574 parte

128 2584 159 2610 di
177 2583 314 2609 Federico
333 2590 350 2608 a
369 2583 468 2608 danno
487 2582 562 2608 della
583 2581 696 2608 Chiesa.

217 2624 229 2643 ¹
245 2626 299 2652 Nel
320 2625 388 2652 1226
407 2626 435 2651 la
455 2626 566 2658 Pasqua
586 2625 616 2651 su
640 2625 662 2650 il
689 2633 722 2659 ²9
743 2625 791 2651 1v.
829 2625 879 2651 Gli
905 2626 1025 2651 Annales

127 2669 292 2698 Placentini,
310 2669 370 2698 clt.,
384 2675 411 2700 p.
426 2675 486 2700 440,
500 2667 685 2693 s’accordano
699 2666 773 2692 colle
787 2669 897 2693 notizie
910 2669 939 2693 di
960 2668 1024 2693 Rlc-

128 2711 224 2739 cardo,
242 2711 293 2736 che
313 2711 342 2736 in
368 2711 501 2743 generale
526 2718 600 2735 sono
625 2709 676 2743 piu
702 2710 843 2743 complete
863 2718 877 2735 e
900 2711 1024 2736 minute:

129 2754 143 2769 ‘¹
153 2754 257 2780 Dictus
276 2754 434 2787 imperator
453 2754 534 2779 venit
552 2753 719 2778 Ravennam
739 2755 767 2779 et
782 2753 851 2779 fecit
865 2753 904 2778 ibi
922 2754 1026 2786 pascha

132 2794 146 2808 ⁶
156 2796 375 2820 resurrectionis
393 2795 526 2820 Domini.
562 2795 665 2820 Postea
677 2795 759 2819 venlt
778 2794 907 2824 Imolam,
926 2797 1026 2828 postea

132 2837 146 2852 ⁸
155 2837 213 2863 lvit
226 2837 409 2867 Medicinam,
422 2839 523 2871 postes
535 2837 675 2863 transivit
690 2838 771 2862 iuxta
784 2838 914 2862 sanctum
926 2837 1028 2862 Iohan-

131 2879 144 2893 ¹‘
157 2887 218 2906 nem
232 2880 264 2905 in
278 2880 423 2905 Persiceto
433 2882 462 2906 et
472 2880 630 2912 hospitalis
640 2879 698 2904 suit
708 2882 790 2904 extra
800 2882 923 2905 castrum
934 2882 1026 2905 sancti

133 2921 304 2948 ‘'Iohannis.
341 2922 452 2948 Deinde
472 2924 528 2948 ivit
547 2923 580 2947 in
602 2921 813 2947 LombardIam.
849 2922 886 2948 Et
905 2930 954 2955 per
972 2923 1028 2948 Dei

43 2954 45 2958 Δ
69 2974 106 3001 30
131 2963 279 2999 “gratum
302 2965 378 2991 nihil
398 2966 497 2998 potuit
523 2966 614 2991 faeere
639 2965 673 2989 de
699 2971 732 2989 eo
758 2964 832 2997 quod
851 2965 974 2990 habebat
997 2965 1028 2990 in

135 3007 149 3022 ‘¹
158 3007 244 3033 corde
253 3025 279 3040 η,

900 214 1181 250 CHRONICA

1029 825 1068 856 10

1031 1089 1068 1124 15

1029 1361 1072 1392 20

1118 351 1212 377 unte.
1260 345 1396 377 Exinde
1429 354 1513 376 uero
1548 354 1584 376 se
1615 342 1776 376 Ymolam
1809 340 1966 379 contulit,

1118 398 1176 431 ubi
1202 399 1332 431 tamdiu
1356 408 1487 430 moram
1510 397 1606 437 fecit,
1630 397 1744 430 donec
1761 395 1849 428 sicut
1873 394 1968 437 prius

1119 452 1233 484 fuerat
1257 463 1332 484 eam
1355 452 1441 485 fecit
1472 440 1658 495 aggeribus
1688 449 1903 487 communiri,
1934 454 1970 480 et

1118 506 1314 548 procedens
1336 505 1418 537 inde
1441 515 1561 537 uersus
1584 504 1745 536 Parmam
1762 501 1882 545 dirigit
1903 502 1970 534 iter

1119 569 1215 590 suum
1230 558 1252 590 ².

1208 612 1311 644 Tunc
1345 612 1518 644 Henricus
1552 621 1618 643 rex
1651 609 1858 643 Alamannie
1890 619 1969 641 cum

1121 664 1263 707 copioso
1287 665 1444 698 exercitu
1466 675 1528 697 suo
1546 664 1643 697 uenit
1658 673 1765 707 usque
1781 661 1971 699 Ueronam,

1120 723 1173 750 set
1197 717 1406 751 Lombardis
1429 717 1715 759 impedientibus,
1739 716 1832 748 ultra
1847 725 1971 758 proce-

1121 770 1205 803 dere
1228 781 1299 804 non
1322 777 1374 803 est
1396 770 1583 813 permissus
1595 770 1618 802 ³.

1210 824 1404 866 Imperator
1419 823 1628 856 Cremonam
1644 823 1753 861 uadit,
1766 823 1884 866 ibique
1899 822 1973 854 die-

1121 877 1186 910 bus
1208 877 1329 920 paucis
1351 877 1488 909 faciens
1513 888 1656 918 moram,
1682 887 1759 909 cum
1783 887 1819 908 se
1850 875 1973 908 ciuitas

1122 930 1337 963 Ueronensis
1371 940 1450 962 cum
1485 929 1688 962 Mediolano
1723 934 1758 961 et
1789 929 1865 961 aliis
1893 928 1973 961 sub-

1122 983 1263 1026 scriptis
1278 983 1478 1016 ciuitatibus
1492 983 1557 1026 ipsi
1570 983 1774 1025 Imperatori
1791 982 1973 1015 contrariis

1124 1037 1395 1074 confederasset,
1411 1037 1456 1068 ad
1472 1037 1623 1079 Burgum
1640 1035 1762 1068 Sancti
1786 1035 1972 1078 Dompnini

1123 1101 1160 1122 se
1200 1089 1386 1127 contulit⁴;
1421 1090 1539 1133 ibique
1578 1089 1643 1122 sibi
1682 1088 1972 1122 coadsistentibus

1124 1143 1330 1186 quibusdam
1355 1143 1498 1185 prelatis
1522 1149 1557 1176 et
1573 1143 1793 1185 principibus
1808 1142 1974 1174 Alaman-

1124 1197 1181 1230 nie
1205 1206 1248 1228 ac
1270 1195 1473 1239 proceribus
1496 1195 1615 1239 Regni
1637 1196 1689 1228 sui
1703 1199 1725 1234 ⁵,
1751 1201 1873 1228 contra
1889 1195 1974 1227 ciui-

1125 1255 1215 1282 tates
1236 1250 1320 1282 istas
1341 1249 1406 1282 sibi
1429 1249 1634 1287 contrarias,
1657 1249 1824 1282 uidelicet
1839 1249 1975 1281 Medio-

1126 1303 1253 1343 lanum,
1284 1302 1473 1340 Ueronam,
1505 1301 1730 1340 Placentiam,
1762 1301 1975 1339 Uercessum,

1125 1356 1292 1395 Laudam,
1311 1355 1571 1394 Alexandriam,
1587 1355 1795 1394 Teruisium‚
1813 1355 1976 1392 Paduam,

1131 1410 1340 1447 Uicentiam‚
1363 1409 1543 1446 Torinum,
1566 1408 1769 1446 Nouariam,
1785 1407 1976 1446 Mantuam,

1127 1463 1301 1503 Brexiam‚
1326 1463 1519 1496 Bononiam
1545 1467 1580 1495 et
1603 1461 1817 1500 Fauentiam,
1844 1461 1977 1494 diffida-

1127 1517 1233 1550 tionis
1262 1516 1497 1560 promulgauit
1529 1515 1692 1554 edictum,
1723 1516 1820 1558 quod
1850 1515 1977 1548 ceteris

1165 1772 1176 1789 ³
1196 1774 1267 1799 Pare
1286 1773 1439 1799 ch’Enrico
1458 1772 1511 1797 VII
1530 1773 1598 1797 siasi
1620 1779 1715 1797 mosso
1729 1772 1807 1796 dalla
1822 1771 1977 1796 Germania

1077 1816 1251 1841 nell’ultima
1271 1816 1375 1840 decade
1394 1815 1425 1840 di
1445 1815 1536 1847 aprile
1555 1822 1604 1847 per
1624 1815 1728 1838 recarsi
1741 1815 1768 1838 al
1783 1821 1932 1846 convegno
1946 1814 1976 1838 (11

1076 1859 1228 1884 Cremona.
1267 1858 1337 1883 “Ad
1358 1866 1442 1890 quam
1460 1865 1524 1882 cum
1543 1857 1628 1881 multi
1650 1857 1795 1889 principes
1821 1856 1975 1881 Teutonici

1080 1902 1302 1935 “properarent‚
1322 1909 1379 1925 una
1398 1908 1461 1925 cum
1481 1900 1543 1924 filio
1565 1899 1747 1931 imperatoris
1772 1906 1837 1931 rege
1860 1899 1976 1924 Heinri-

1079 1945 1136 1970 “co
1166 1946 1242 1979 apud
1271 1944 1441 1969 Tridentum
1469 1943 1603 1976 (Trento)
1631 1951 1681 1976 per
1710 1951 1757 1968 sex
1784 1942 1976 1967 hebdomadas

1080 1987 1093 2000 “
1105 1989 1328 2018 commorantur,
1346 1994 1406 2011 non
1420 1986 1550 2011 valentes
1563 1986 1696 2018 progredi
1712 1986 1828 2018 propter
1842 1985 1976 2009 rebellio—

1079 2030 1091 2043 ¹¹
1103 2037 1166 2054 nem
1185 2029 1405 2059 Veronensium,
1425 2029 1475 2060 qui
1492 2028 1585 2052 clusas
1598 2027 1807 2052 veronensium
1821 2028 1889 2051 tunc
1902 2028 1977 2059 opti—

1080 2071 1094 2085 α
1105 2073 1229 2097 nuerunt
1240 2091 1247 2098 .
1257 2091 1262 2096 .
1274 2089 1298 2098 ..
1308 2071 1370 2096 Rex
1385 2072 1478 2096 autem
1498 2078 1513 2095 a
1527 2070 1678 2099 Tridento,
1698 2077 1757 2094 non
1778 2071 1842 2094 viso
1857 2070 1978 2101 impera-

1080 2114 1174 2146 “tore,
1195 2122 1259 2139 cum
1278 2114 1458 2147 principibus
1478 2114 1507 2137 in
1529 2113 1731 2137 Alemanniam
1750 2112 1845 2136 inacte
1859 2112 1977 2136 reverti-

1081 2157 1159 2182 “tur.
1198 2157 1228 2181 In
1249 2164 1370 2189 quorum
1390 2157 1517 2180 discessu
1542 2154 1712 2180 Tridentum
1740 2155 1844 2179 civitas
1868 2153 1976 2178 casuali

1080 2199 1241 2225 “incendio
1261 2201 1459 2224 concrematur
1471 2215 1495 2231 η.
1529 2197 1573 2222 Cf.
1594 2198 1714 2222 Annales
1730 2197 1907 2226 Colonienses,
1920 2197 1977 2228 clt.,

1078 2243 1119 2267 M.
1145 2243 1177 2269 G.
1203 2243 1236 2267 H.
1258 2242 1320 2274 SS„
1341 2241 1429 2273 XVII,
1449 2241 1547 2265 all’an.
1570 2239 1646 2265 1226.

1166 2283 1177 2301 ⁴
1195 2283 1384 2309 L’itinerario
1404 2283 1434 2308 di
1454 2283 1592 2308 Federico
1611 2282 1646 2311 11.
1665 2282 1743 2314 dopo
1764 2282 1792 2307 la
1811 2282 1923 2306 dimora
1947 2281 1977 2305 ln

1078 2327 1221 2353 Cremona
1241 2335 1255 2351 e
1275 2328 1366 2360 prima
1386 2327 1414 2351 tii
1435 2326 1585 2360 pervenire
1605 2333 1621 2350 a
1640 2326 1735 2358 Borgo
1754 2324 1780 2350 S.
1800 2325 1951 2352 Donnino,
1964 2322 1978 2348 ὲ

1079 2370 1226 2395 ricordato
1246 2371 1277 2394 in
1297 2369 1450 2394 Totosnu
1475 2369 1619 2393 Chronicon
1637 2376 1683 2392 seu
1704 2368 1830 2392 Historia
1849 2366 1978 2391 Faventi-

1079 2421 1130 2437 nae
1148 2413 1224 2437 civit.
1244 2413 1277 2437 ab
1297 2420 1323 2437 a.
1341 2420 1376 2436 20
1394 2420 1420 2436 a.
1442 2412 1564 2441 Cla-215.
1601 2410 1771 2442 Anonymus
1794 2408 1979 2434 continuavit

1079 2455 1113 2479 ad
1128 2462 1152 2480 a.
1169 2454 1237 2487 1236
1250 2462 1276 2488 p.
1292 2454 1354 2484 Ch.,
1367 2453 1411 2478 ed.
1426 2453 1594 2483 Tabarrini,
1609 2461 1635 2485 p.
1653 2453 1715 2478 181:
1732 2450 1933 2485 “(Imperator)
1947 2450 1978 2474 in

1081 2496 1306 2522 “Lombardiam
1327 2497 1402 2528 apud
1422 2496 1593 2522 Cremonam
1614 2496 1647 2520 ad
1668 2496 1806 2520 statutum
1820 2493 1978 2518 concilium

1080 2539 1160 2565 “iter
1179 2539 1332 2564 inchoavIt
1359 2540 1387 2563 et
1412 2539 1487 2570 apud
1513 2537 1642 2563 Parmam
1670 2544 1801 2569 magnam
1827 2536 1895 2560 fecit
1921 2543 1978 2559 mo-

1081 2583 1094 2596 ¹¹
1107 2590 1177 2608 ram.
1187 2602 1193 2607 .
1206 2601 1212 2607 .
1223 2601 1231 2609 .
1242 2601 1266 2615 „r
1303 2581 1330 2606 A
1343 2581 1439 2614 Borgo
1453 2581 1481 2607 S.
1495 2581 1637 2605 Donnino
1650 2580 1708 2613 egli
1723 2580 1753 2604 su
1766 2579 1842 2604 nella
1855 2578 1979 2603 seconda

1079 2623 1154 2650 meta
1174 2625 1217 2650 del
1239 2626 1362 2657 giugno:
1376 2622 1724 2652 nnuman-Barnous&
1738 2621 1771 2650 11,
1785 2629 1811 2654 p.
1825 2620 1891 2652 ⁶¹43
1905 2620 1978 2644 Bon-

1079 2674 1151 2697 Μικ,
1172 2675 1198 2692 n.
1222 2666 1297 2700 1630.

1169 2708 1180 2725 ⁵
1200 2709 1254 2734 Fra
1275 2709 1284 2733 i
1306 2708 1390 2733 molti
1411 2708 1460 2732 che
1481 2708 1588 2731 furono
1609 2703 1850 2739 coll’imperatore
1869 2705 1898 2729 in
1914 2705 1978 2737 quei

1080 2754 1185 2785 tempo,
1206 2752 1231 2776 si
1252 2758 1430 2776 conoscono:
1451 2749 1581 2774 Geroldo
1601 2750 1743 2781 patriarca
1758 2749 1786 2772 di
1802 2747 1980 2772 Gerusalem-

1082 2803 1137 2826 me3
1158 2795 1199 2827 gli
1220 2795 1395 2819 arcivescovi
1412 2793 1518 2817 Enrico
1532 2792 1562 2816 di
1575 2791 1682 2820 Setara,
1697 2791 1725 2816 di
1741 2790 1863 2821 Milano,
1877 2797 1891 2814 e
1905 2789 1980 2814 Lan-

1080 2838 1126 2867 do,
1139 2838 1169 2862 di
1183 2837 1293 2870 Reggio
1307 2836 1452 2861 familiare
1465 2843 1530 2863 su0;
1545 2835 1555 2858 i
1570 2835 1684 2858 vescovi
1700 2834 1805 2858 Enrico
1816 2833 1846 2857 di
1858 2833 1979 2863 Worms,

1081 2879 1242 2912 Engelardo
1262 2879 1290 2903 di
1311 2879 1486 2910 Naumburg,
1506 2875 1635 2901 Corrado
1660 2876 1690 2900 di
1716 2871 1911 2903 Hildesheim,'
1927 2874 1980 2899 Ec-

1081 2923 1168 2947 cardo
1187 2922 1217 2946 di
1238 2922 1412 2953 Merseburg,
1430 2920 1536 2944 Enrico
1555 2920 1583 2943 di
1606 2918 1725 2949 Basilea,
1747 2918 1853 2942 Enrico
1872 2917 1903 2941 di
1917 2917 1980 2941 Bri-

1999 339 2097 359 Ymolam
2108 341 2152 363 per
2165 339 2207 358 Im-

2021 368 2149 391 peratorem
2171 372 2206 385 re-

2019 395 2128 418 paratur.

2001 1087 2163 1113 Cmcsedemtio
2180 1087 2212 1107 ci-

2025 1115 2123 1135 vitatum
2146 1115 2211 1134 Lom-

2025 1141 2113 1163 hardie-

2005 1905 2036 1932 35

2005 2121 2040 2146 40

2006 2335 2038 2361 45

2006 2544 2040 2570 50

2007 2757 2039 2785 55

1083 2973 1145 2996 xen,
1166 2963 1308 2989 Glacomo
1328 2964 1356 2988 di
1378 2963 1498 2990 Torino.
1518 2961 1640 2986 Alberto
1667 2961 1697 2985 <li
1723 2960 1846 2990 Ere-cia,
1871 2958 1979 2984 Grazla
2006 2961 2041 2986 60

1084 3008 1113 3032 di
1133 3007 1234 3032 Parma
1248 3014 1262 3031 e
1275 3005 1462 3031 Mainardino
1476 3004 1608 3033 d'Imola;
1632 3004 1672 3036 gli
1689 3003 1767 3028 abati
1782 3003 1845 3036 Ugo
1858 3002 1887 3027 di
1903 3001 1979 3027 Mur-
