2320 3444
137 213 189 250 [Α.
209 215 302 250 1213]
915 211 1191 248 CHRONICA

45 373 47 379 Α
141 341 157 358 ‘⁴
167 340 271 374 ualde
292 340 445 374 uicinam
462 341 505 375 de
521 342 619 375 facili
635 343 789 387 cogitant
805 354 976 386 occupare

55 394 158 427 “aar“
173 404 217 426 ac
257 394 385 427 deinde
428 395 505 428 sine
547 396 640 429 omni
682 396 980 430 contradictio'nis

42 446 50 457 '¹'
138 446 153 463 “
168 446 347 480 obstaculo
369 449 544 482 residuum
571 456 665 482 terre
688 450 791 482 huius
811 450 978 483 inuadere

141 501 247 533 “cum
269 501 313 534 sit
342 501 472 535 uiribus
503 508 538 536 et
568 503 693 545 opibus
722 513 812 546 pene
842 503 979 546 penitus

138 553 154 570 ‘⁶
168 554 344 587 destituta.
376 556 430 588 Ea
445 555 603 599 [propter
616 557 747 600 igitur]‚
763 556 978 589 dilectissimi

139 609 154 624 ⁸
167 607 295 640 fratres
318 615 353 641 et
376 609 437 641 filii
459 610 684 643 emulationes
701 617 734 643 et
750 609 978 643 dissentiones

137 659 153 677 ²
167 660 340 694 fraternas
361 663 397 696 in
421 663 519 706 pacis
542 673 584 696 ac
609 663 808 696 dilectionis
838 663 978 695 uincula

139 715 154 732 ‘⁴
167 721 428 754 commutantes,
452 715 678 760 accingimini
700 717 745 749 ad
776 716 976 759 obsequium

138 768 154 785 “
167 767 336 807 crucifixi,
353 778 422 801 non
439 768 637 801 dubitantes
649 779 714 811 pro
724 768 785 802 illo
797 780 860 802 rex
871 779 978 812 expo-

139 822 248 853 “nere
271 831 314 854 ac
337 831 513 864 personas,
537 822 596 865 qui
618 833 683 864 pro
706 822 806 855 nobis
829 823 975 856 animam

139 876 261 908 “suam
283 875 398 918 posuit
419 880 455 908 et
477 875 680 919 sanguinem
704 886 802 908 suum
825 876 978 917 fu(n)dit,

136 927 152 944 ⁸
165 928 255 960 certi
278 928 407 970 pariter
429 933 464 961 et
479 929 603 969 securi,
620 928 715 972 quod
730 929 758 961 si
774 939 857 961 uere
879 929 976 972 peni-

138 981 153 999 “
165 986 277 1014 tentes
299 981 435 1015 fueritis
450 992 514 1025 per
528 982 622 1015 hunc
638 982 865 1026 temporalem
880 982 976 1016 labo-

136 1033 151 1051 *
163 1045 236 1067 rem
245 1034 366 1078 [quasi]
379 1035 529 1079 quodam
541 1036 752 1078 compendio
765 1036 811 1069 ad
822 1037 977 1080 requiem

138 1089 154 1106 ⁸
164 1088 377 1130 peruenietis
398 1095 565 1122 eternam.
610 1089 684 1122 Nos
700 1090 791 1123 enim
808 1090 852 1123 de
868 1090 977 1123 omni-

137 1142 318 1184 “potentis
341 1141 433 1185 [Dei]
463 1141 702 1176 misericordia
732 1149 767 1175 et
796 1143 976 1176 beatorum

137 1195 152 1212 ‘⁶
165 1194 426 1238 [apostolorum]
450 1195 544 1228 Petri
567 1202 602 1229 et
625 1195 725 1228 Pauli
747 1195 976 1238 a[u]ctoritate

135 1247 150 1264 ‘⁴
166 1247 298 1287 confisi,
320 1259 364 1280 ex
386 1249 448 1282 illa
471 1259 574 1292 quam
601 1249 702 1282 nobis
733 1248 861 1291 [Deus]‚
892 1248 977 1281 licet

137 1299 329 1345 “indignis‚
353 1301 486 1346 ligandi
511 1307 616 1344 atque
639 1301 800 1334 soluendi
829 1301 977 1334 contulit

136 1355 151 1372 ‘⁴
163 1346 344 1396 potestate,
369 1355 527 1388 omnibus
550 1355 611 1398 qui
634 1355 788 1388 laborem
811 1354 913 1387 istum
939 1355 976 1387 in

136 1408 313 1450 “propriis
344 1409 502 1452 personis
535 1408 705 1442 subierint
736 1414 771 1442 et
805 1409 976 1452 expensis,

136 1461 302 1504 “plenam
331 1473 470 1495 suorum
504 1469 742 1505 peccatorum,
772 1463 816 1496 de
851 1461 977 1506 quibus

136 1515 292 1548 “fuerint
315 1526 375 1548 ore
399 1516 539 1549 confexi
563 1522 598 1549 et
621 1517 730 1549 corde
754 1516 893 1549 contriti
916 1526 975 1549 ue-

134 1567 149 1584 “
163 1568 255 1601 niam
278 1568 509 1613 indulgemus,
533 1576 567 1603 et
590 1570 626 1603 in
641 1570 906 1603 retributionem
923 1570 975 1602 iu-

135 1623 151 1640 “
162 1627 291 1655 storum
315 1623 435 1656 salutis
451 1630 570 1657 eterne
587 1624 796 1668 pollicemur
810 1635 975 1668 augmen-

136 1676 247 1708 stum.
292 1676 352 1709 Eis
385 1682 512 1716 autem,
547 1678 607 1721 qui
645 1689 715 1711 non
751 1678 787 1710 in
825 1677 976 1721 propriis

135 1729 321 1772 ‘personis
354 1730 451 1773 [illuc
485 1730 720 1774 accesserintl,
754 1737 808 1764 set
840 1731 876 1763 in
905 1730 976 1763 suis

135 1780 340 1816 “dumtaxat
374 1785 538 1827 expensis
570 1785 668 1818 iuxta
700 1785 903 1818 facultatem
941 1790 976 1818 et

135 1836 151 1853 ⁴⁵
164 1836 364 1878 qualitatem
388 1848 483 1870 suam
511 1837 603 1871 uiros
631 1838 792 1882 ydoneos
823 1837 974 1871 destina-

133 1886 149 1904 “
162 1888 277 1921 uerint
301 1895 335 1922 et
357 1889 426 1923 illis
447 1890 604 1923 similiter
627 1891 687 1934 qui
702 1891 787 1924 licet
801 1892 836 1924 in
853 1890 975 1923 alienis

133 1993 148 2011 ²
161 1995 299 2038 plenam
322 2007 459 2029 snorum
484 1997 709 2030 concedimus
731 1998 868 2030 ueniam
891 2007 975 2040 pec-

62 2050 86 2074 ί
135 2049 150 2066 “
163 2054 328 2081 catorum.
373 2049 484 2082 Huius
498 2060 636 2093 quoque
652 2050 862 2083 remissionis
876 2050 974 2083 uolu-

64 2113 80 2146 j>
135 2102 151 2119 ‘⁴
163 2113 237 2134 mus
251 2112 325 2135 esse
339 2103 527 2146 participes
543 2103 638 2136 iuxta
654 2104 878 2147 quantitatem
895 2103 975 2136 sub-

75 2151 79 2155 *
133 2153 244 2187 “sidii
266 2162 301 2188 et
331 2156 527 2189 denotionis
557 2157 734 2196 affectum,
765 2167 885 2190 omnes
915 2157 974 2200 qui

74 2201 78 2216 ³
135 2208 423 2242 “subuentionem
446 2216 539 2243 terre
563 2210 669 2254 ipsius
701 2211 744 2244 de
775 2210 876 2244 bonis
905 2211 976 2244 suis

64 2259 87 2300 ζ-
135 2263 318 2306 “congrue
341 2263 596 2297 ministrabunt.
641 2264 812 2298 Personas
835 2275 974 2308 quoque

77 2329 87 2342 -2—
133 2314 149 2332 ‘
162 2320 198 2348 et
219 2315 311 2349 bona
333 2326 453 2349 eorum
475 2317 539 2350 sub
562 2317 657 2350 beati
679 2317 776 2351 Petri
801 2324 835 2350 et
857 2324 975 2351 nostra

84 2404 87 2411 k
135 2369 383 2410 “protectione
414 2370 622 2412 suscipimus
651 2381 695 2404 ex
729 2382 798 2415 quo
832 2381 972 2404 crucem

68 2428 89 2452 ,ῑ
135 2422 424 2464 “assumpserint3
447 2433 513 2456 nec
544 2434 615 2456 non
646 2425 710 2457 sub
741 2425 975 2468 archiepisco-

134 2474 150 2491 “
163 2484 297 2518 porum,
319 2475 565 2519 episcoporum
588 2483 623 2510 et
645 2478 795 2511 omnium
824 2478 975 2521 prelato-

137 2529 238 2560 “rum
261 2529 411 2562 ecclesie
438 2529 503 2562 Dei
534 2530 741 2564 defensione
773 2531 973 2564 consistant.

61 2575 83 2623 ’
136 2581 363 2615 ‘Statuentes
384 2589 424 2615 ut
445 2584 560 2616 donec
583 2583 629 2616 de
651 2584 808 2627 ipsorum
832 2585 973 2618 redditu

137 2635 224 2668 “aut
244 2634 342 2669 obitu
363 2637 553 2670 certissime
584 2643 806 2681 agnoscatur,
838 2638 975 2682 integra

74 2786 91 2796 ,μ
219 2774 244 2799 3.
262 2767 399 2792 residium
415 2769 478 2793 Cod.
494 2781 525 2786 —
539 2772 564 2799 ς.
577 2767 644 2801 Eya,
658 2768 751 2794 invece
763 2769 794 2794 di
805 2769 844 2794 Ea
857 2771 975 2803 propter

131 2806 222 2842 igttur
243 2809 305 2834 Cod.
325 2819 339 2834 e
357 2809 454 2839 Gsun.
475 2823 507 2828 —
537 2817 623 2842 11-13.
649 2812 684 2836 da
709 2812 738 2836 et
762 2813 930 2844 sanguinem
958 2821 974 2836 a

72 2847 92 2873 ‘s
134 2849 245 2877 fueritis
263 2852 291 2876 in
309 2852 435 2885 margin:
453 2861 499 2878 con
518 2853 646 2878 richiamo
665 2866 698 2872 -—
718 2859 759 2878 22.
779 2855 974 2886 peccaminum

85 2887 90 2896 ”’
134 2892 197 2918 Cod.
215 2902 229 2918 e
248 2895 346 2920 GAun.
363 2907 398 2912 —
416 2900 458 2927 25.
478 2895 677 2928 polliceremus
699 2897 763 2921 Cod.
781 2910 814 2915 -
835 2896 877 2921 28.
897 2897 974 2922 dum—

17 2935 22 2941 *
77 2943 86 2968 '.
132 2937 213 2961 tnnat
230 2935 326 2962 Gnm.
347 2949 378 2955 —-
400 2944 443 2970 3¹·
463 2938 630 2971 impropriis
650 2938 715 2963 Cod.
735 2951 766 2956 ——-
787 2945 831 2970 39.
851 2940 976 2971 suscepi-

74 2980 93 3016 ⁵2>
132 2984 194 3003 mus
214 2979 277 3003 Cod.
297 2992 331 2997 -
349 2987 393 3011 44.
410 2982 623 3012 cognoscantur
643 2980 741 3007 GAuo.

267 3125 301 3151 Τ.
318 3125 380 3156 vn.
398 3134 425 3159 p.
445 3134 468 3151 n
488 3140 522 3145 —
540 3135 566 3159 4.

135 1941 151 1959 ⁸
164 1943 325 1984 expensis
348 1942 385 1975 in
407 1943 555 1986 propriis
577 1945 735 1987 personis
766 1944 976 1977 accesserint
998 1986 1001 1992 .

1044 822 1082 855 10

1043 1089 1081 1122 15

1039 1359 1081 1390 20

1038 1625 1079 1658 25

1039 1895 1080 1927 30

1037 2161 1079 2194 35

1039 2430 1080 2462 40

1049 2945 1063 2972 5
