2320 3444
132 239 184 275 [A.
205 238 301 275 1229]
1897 229 1966 265 155
2000 240 2211 264 MUR.,cc.1008·0

913 231 1192 267 CHRONICA

139 363 256 397 iacula
278 374 348 396 non
372 363 545 403 timerent,
560 362 710 396 turribus
733 367 768 394 et
791 362 949 395 menibus
972 363 1180 401 insistentes,
1204 363 1354 396 hostium
1377 363 1510 396 uiribus
1533 374 1602 396 non
1619 373 1766 396 cessere.
1813 362 1873 394 Sic
1888 372 1972 405 ergo

139 417 197 450 die
219 418 308 460 ipsa,
329 421 543 450 nouercante
566 416 719 454 fortuna,
742 416 786 447 de
809 415 1048 457 imperialibus
1078 416 1220 448 obtenta
1243 416 1402 455 uictoria,
1432 416 1628 449 Pandulfus
1661 416 1850 458 apostolice
1881 415 1975 447 sedis

137 469 270 514 legatus
284 469 293 487 ¹
318 471 361 503 ab
385 480 427 503 ea
449 476 548 512 parte
571 479 637 512 que
662 468 792 501 dicitur
814 469 920 500 Porta
943 474 1043 500 uetus
1067 479 1145 501 cum
1170 469 1343 501 nonnullis
1360 470 1404 502 de
1420 470 1608 506 maioribus
1624 469 1795 502 exercitus
1818 469 1972 507 ueniens,

34 566 38 568 ἡ
134 523 198 556 sub
221 523 489 556 comminatione
512 522 739 565 depositionis
770 528 804 554 et
834 521 1081 554 destructionis
1109 528 1278 564 perpetue
1309 524 1510 555 monasterii
1541 523 1700 556 abbatem
1730 523 1904 565 prefatum
1936 527 1974 554 ut

30 567 40 596 ss
91 575 110 608 5
133 575 200 609 sibi
223 577 268 609 ad
291 577 491 609 mandatum
513 586 603 619 pape
628 575 871 608 monasterium
893 573 1059 606 redderet
1081 580 1115 606 et
1138 576 1250 617 ipsum
1272 576 1491 609 iustitiarium
1515 577 1668 609 traderet
1690 577 1724 608 in
1749 587 1869 608 manus
1884 586 1971 615 suas,

133 629 302 662 inducere
326 630 538 672 procurauit.
585 628 690 667 Quod
705 639 782 662 cum
800 628 919 660 facere
937 627 1075 659 omnino
1093 634 1268 667 renueret,
1284 628 1406 661 dicens
1422 630 1515 671 quod
1532 629 1661 672 absque
1677 630 1777 673 graui
1793 635 1828 661 et
1850 628 1974 672 grandi

135 683 292 726 periculo
317 683 392 715 fieri
415 683 484 715 hoc
507 693 576 715 non
599 689 726 724 posset,
750 682 855 726 longo
877 691 983 723 super
1005 681 1073 713 hoc
1098 687 1244 714 tractatu
1267 681 1397 719 habito,
1421 692 1522 725 quem
1548 693 1614 725 ego
1637 683 1758 716 nescio
1781 683 1876 715 Deus
1898 681 1974 719 scit,

133 746 153 768 a
174 737 292 780 legato
316 741 351 768 et
372 736 441 768 suis
464 746 527 778 pro
550 735 719 778 Magistro
741 733 952 768 iustitiario'
977 739 1011 766 et
1034 734 1101 766 hiis
1124 735 1183 777 qui
1207 745 1326 766 secum
1357 742 1455 767 erant
1479 736 1622 777 prestito
1646 736 1848 774 iuramento,
1879 735 1974 778 quod

33 823 35 828 ,
135 789 223 822 salui
246 796 373 828 essent,
387 789 455 832 ipsi
469 790 587 833 legato
603 789 712 831 patuit
734 787 990 820 monasterium.
1037 786 1110 825 Qui
1132 788 1268 819 statutis
1291 788 1326 819 in
1351 798 1392 820 eo
1408 788 1571 821 militibus
1587 795 1622 821 et
1638 789 1869 821 seruientibus
1885 789 1975 820 ultra

32 846 37 850 ”
70 841 110 874 10
133 848 284 882 centum,
309 853 388 875 cum
419 842 543 875 abbate
567 848 602 875 et
624 841 794 885 Magistro
824 840 1003 873 iustitiario
1027 851 1110 873 mox
1133 841 1177 873 ad
1199 839 1367 872 Sanctum
1397 841 1606 874 Germanum
1639 843 1830 875 descendit.
1877 841 1977 879 Quos

133 906 211 928 cum
242 896 400 929 homines
430 895 549 929 Sancti
580 895 754 933 Germani,
785 904 992 938 quamquam
1023 894 1142 936 sepius
1172 893 1339 936 requisiti,
1370 905 1439 926 non
1462 895 1677 937 recepissent
1699 896 1763 927 nisi
1786 896 1915 928 scirent
1937 895 1974 926 in

133 959 218 982 uero
241 950 352 992 ipsum
382 949 601 982 iustitiarium
624 947 807 980 liberatum
830 953 864 980 et
891 958 981 985 suos,
1006 957 1048 980 ea
1074 946 1187 980 noc'te
1218 947 1255 978 in
1286 946 1397 990 burgo
1431 948 1594 980 exteriori
1626 959 1684 981 eos
1715 949 1868 991 oportuit
1899 959 1978 990 per-

134 1008 290 1036 noctare.
335 1003 387 1035 Ea
410 1012 492 1035 uero
515 1007 620 1035 nocte
645 1011 763 1034 comes
785 1001 865 1034 Rao
890 1001 935 1033 de
958 1000 1116 1034 Balbano
1131 1010 1210 1033 cum
1233 1000 1409 1033 nonnullis
1426 1002 1469 1033 de
1488 1003 1645 1034 exercitu
1661 1002 1842 1044 imperiali,
1858 1002 1969 1044 quise

131 1056 168 1088 in
192 1054 322 1089 Sancto
346 1055 521 1088 Germano
538 1060 760 1097 receperant,
776 1060 811 1087 et
825 1054 902 1096 plus
918 1053 964 1086 de
979 1059 1090 1086 morte
1113 1064 1216 1096 quam
1232 1054 1276 1086 de
1291 1054 1363 1086 uita
1379 1054 1566 1096 sperabant
1591 1073 1628 1077 —
1654 1055 1854 1088 metuebant
1870 1055 1974 1092 enim,

24 1129 29 1152 ¹.
71 1108 109 1141 15
133 1120 177 1141 ne
200 1120 221 1142 a
244 1109 379 1141 ciuibus
402 1108 560 1142 hostibus
583 1107 804 1141 traderentur
821 1125 859 1132 —
886 1107 929 1140 ab
947 1107 1013 1139 hiis
1029 1107 1087 1150 qui
1103 1108 1215 1140 noctis
1237 1107 1375 1151 uigilias
1399 1108 1651 1149 custodiebant,
1675 1109 1719 1141 de
1743 1107 1872 1140 Sancto
1891 1108 1977 1140 Ger-

132 1172 233 1195 mano
256 1171 321 1204 per
343 1161 539 1204 posterulas
561 1161 714 1194 ciuitatis
738 1160 870 1193 dimissi
892 1166 971 1193 sunt
994 1160 1107 1199 liberi,
1123 1166 1157 1192 et
1172 1159 1335 1192 abierunt
1350 1161 1386 1192 in
1401 1171 1474 1199 sua,
1491 1166 1526 1193 et
1548 1161 1655 1193 nichil
1671 1162 1715 1193 de
1739 1172 1799 1193 suo
1814 1160 1974 1193 harnesio

129 1215 363 1248 ammiserant.
409 1215 518 1259 Igitur
539 1225 640 1248 mane
663 1214 824 1257 sequenti
855 1215 990 1257 papalis
1021 1214 1195 1246 exercitus
1225 1220 1349 1247 terram
1381 1215 1488 1246 intrat
1519 1214 1639 1247 Sancti
1670 1214 1844 1252 Germani,
1874 1224 1978 1246 rocca

131 1269 207 1302 Iani
230 1279 267 1302 se
290 1269 385 1312 prius
409 1269 580 1302 reddente
603 1268 738 1312 legato;
764 1268 820 1300 cui
843 1268 1000 1301 homines
1024 1267 1144 1301 Sancti
1168 1268 1334 1301 Germani
1357 1268 1471 1301 iurant
1487 1269 1531 1300 ad
1548 1279 1634 1310 opus
1650 1278 1753 1311 pape,
1769 1268 1851 1301 licet
1866 1267 1975 1300 inuiti.

14 1357 26 1369 Α,
133 1321 215 1361 Quo
239 1323 357 1355 audito
382 1331 417 1355 et
440 1322 593 1366 cognito,
617 1321 759 1354 tremuit
781 1321 893 1354 omnis
915 1327 1020 1359 terra,
1043 1331 1110 1364 que
1134 1331 1172 1354 se
1195 1331 1266 1353 non
1283 1326 1421 1363 poterat
1445 1321 1488 1353 ab
1512 1322 1610 1354 hoste
1633 1322 1730 1354 tueri.
1775 1322 1877 1353 Tunc
1900 1321 1976 1353 Ma-

65 1377 107 1409 20
129 1376 240 1420 gister
262 1376 462 1409 iustitiarius
483 1375 574 1408 liber
598 1375 756 1408 dimissus
788 1380 852 1415 est,
876 1381 911 1407 et
937 1385 974 1407 se
1005 1375 1160 1417 Capuam
1191 1375 1349 1408 contulit.
1395 1374 1595 1408 Adenulfus
1627 1376 1731 1408 etiam
1764 1376 1807 1408 de
1838 1374 1977 1417 Aquino

132 1428 345 1462 Acerramm
369 1429 505 1462 comitis
527 1429 629 1467 filius,
653 1438 790 1461 necnon
813 1434 847 1460 et
869 1428 1017 1461 Iacobus
1040 1428 1232 1461 Senebaldi
1256 1428 1407 1471 predicti
1429 1429 1610 1461 redierunt
1631 1428 1666 1460 in
1690 1439 1752 1461 sua
1764 1428 1787 1461 ³.

221 1481 305 1515 Post
329 1483 405 1515 dies
426 1493 511 1515 uero
535 1483 659 1515 decem
674 1492 712 1514 se
728 1491 873 1515 mouens
889 1481 933 1514 de
950 1481 1081 1515 Sancto
1100 1482 1276 1514 Germano
1300 1483 1484 1520 exercitus,
1509 1482 1604 1514 facta
1620 1482 1874 1524 compositione
1898 1492 1976 1514 cum

132 1536 175 1569 iis
197 1536 255 1580 qui
280 1542 380 1568 erant
402 1536 440 1568 in
462 1536 591 1579 palatio
623 1535 783 1574 Miniani,
814 1534 1006 1568 Minianum
1038 1535 1224 1578 recipiunt,
1257 1536 1352 1578 quod
1383 1536 1572 1568 heredibus
1602 1537 1777 1578 quondam
1809 1535 1973 1578 Malgerii

15 1629 16 1632 Ἴ
134 1589 261 1623 Sorelli
285 1589 518 1627 restituunt⁴3
545 1595 580 1621 et
601 1589 835 1632 procedentes
857 1589 951 1625 inde,
983 1587 1246 1621 Presentianum
1270 1588 1440 1631 optinent,
1464 1588 1659 1621 Uenafrum
1692 1595 1726 1621 et
1757 1588 1881 1621 Sernia
1911 1599 1974 1630 per

1 1637 19 1683 ξ
65 1642 107 1675 25
133 1643 274 1676 nuntios
296 1653 333 1675 se
357 1642 423 1676 sibi
445 1643 609 1675 reddunt.
656 1642 797 1675 Pretam
821 1653 960 1686 quoque
984 1653 1049 1684 per
1071 1642 1140 1674 uim
1166 1642 1329 1684 optinent
1352 1647 1387 1674 et
1410 1642 1624 1686 Vayranum,
1648 1653 1690 1674 ac
1722 1648 1827 1674 totam
1850 1647 1977 1674 terram

10 1691 22 1698 ’
132 1696 280 1729 filiorum
301 1695 463 1729 Pandulfi
487 1707 595 1740 usque
619 1696 777 1734 Caluum,
808 1696 902 1739 quod
932 1695 1091 1728 similiter
1114 1695 1292 1738 recipiunt
1316 1696 1361 1728 ad
1385 1705 1473 1738 opus
1496 1696 1657 1728 ecclesie.
1703 1696 1817 1728 Teani
1840 1705 1978 1728 necnon

134 1749 257 1783 ciuitas
280 1755 316 1782 et
338 1749 508 1783 Calenum
532 1749 674 1782 ueniunt
696 1750 741 1782 ad
765 1749 965 1782 mandatum
989 1759 1091 1792 pape.
1137 1749 1240 1781 Tunc
1263 1759 1327 1792 per
1351 1749 1599 1782 Francolisium
1630 1750 1696 1781 iter
1726 1749 1859 1782 habens
1882 1758 1979 1781 exer-

132 1802 232 1843 citus,
255 1801 417 1836 Suessam
432 1813 470 1835 se
486 1801 632 1835 contulit
654 1801 722 1835 sibi
738 1812 802 1844 pro
818 1802 887 1834 fide
911 1802 1050 1835 Cesaris
1073 1802 1289 1834 resistentem
1296 1814 1306 1840 ς
1331 1813 1433 1845 quam
1451 1802 1554 1844 longa
1571 1802 1654 1834 satis
1670 1801 1847 1835 obsidione
1866 1806 1979 1834 arcta-

11 1891 12 1894 *
132 1861 204 1888 tam
226 1865 305 1888 cum
327 1856 397 1888 iam
421 1855 515 1888 cives
538 1855 734 1898 inciperent
756 1855 832 1888 sitis
853 1855 1016 1898 squalore
1039 1856 1203 1895 deficere,
1226 1865 1296 1888 non
1319 1861 1480 1888 curantes
1503 1855 1665 1888 arborum
1689 1861 1724 1887 et
1746 1855 1866 1887 uitium
1894 1855 1978 1887 inci-

66 1910 110 1942 30
133 1909 260 1947 siones,
283 1909 366 1942 illuc
389 1909 480 1940 enim
504 1914 651 1941 uenerat
674 1909 864 1950 apostolice
888 1909 981 1941 sedis
1004 1910 1141 1952 legatus
1165 1908 1329 1952 Pelagius
1352 1907 1563 1941 Albanensis
1585 1909 1784 1951 episcopus,
1801 1908 1975 1940 ciuitatem

131 1963 240 2005 ipsam
263 1962 439 2005 recipiunt
463 1962 507 1994 ad
531 1972 618 2004 opus
641 1973 743 2004 pape,
768 1971 905 1995 necnon
929 1968 963 1994 et
986 1962 1176 2000 castellum,
1200 1961 1294 2005 quod
1317 1963 1451 1994 munire
1475 1961 1704 1994 seruientibus
1727 1968 1934 1994 curauerunt
1948 1961 1976 1999 ⁵3

2000 733 2075 756 Compr
2081 732 2171 752 omissio
2180 733 2212 752 in-

2023 762 2059 780 ter
2072 759 2212 780 lustitu'aria-

2025 788 2072 806 tum
2085 788 2108 806 el
2120 787 2214 811 Campa-

2023 819 2072 836 nos.

2064 963 2084 980 C.
2099 963 2146 978 ,lv

1999 1533 2128 1552 Mmianum
2136 1534 2158 1552 et
2165 1534 2212 1553 tota

2025 1562 2090 1579 terra
2109 1560 2212 1584 filiorum

2024 1586 2132 1611 Pandulfi
2181 1593 2192 1606 s
2199 1593 2211 1606 e

2025 1621 2032 1633 r
2038 1613 2106 1633 eadit.

2000 1854 2083 1874 Suessa
2097 1854 2182 1873 citatas
2191 1859 2215 1873 se

2027 1887 2034 1900 r
2041 1881 2111 1900 eddit.

130 2023 166 2050 et
195 2017 430 2060 procedentes
452 2016 546 2055 inde,
573 2026 693 2048 uersus
716 2027 856 2049 roccam
888 2016 1060 2050 Draconis
1091 2017 1245 2060 dirigunt
1275 2027 1415 2060 gressus
1446 2027 1535 2049 suos.
1582 2016 1696 2055 Quam
1729 2017 1973 2058 circumposita
1998 2015 2201 2063 ⁶⁰ss'7'222251‘5'fm‘

133 2069 315 2103 obsidione
340 2075 527 2107 arctantes,
549 2069 632 2102 uilla
655 2069 753 2112 prius
776 2069 931 2102 inferiori
955 2076 1108 2112 optenta,
1132 2076 1167 2103 et
1189 2081 1257 2102 una
1281 2071 1324 2102 de
1349 2070 1500 2102 turribus
1522 2081 1584 2112 per
1608 2069 1677 2101 uim
1702 2075 1804 2111 capta
1827 2075 1862 2102 et
1885 2069 1979 2102 diros

18 2156 23 2171 .÷
131 2123 289 2161 insultus,
312 2123 407 2155 facta
429 2133 507 2155 cum
531 2122 722 2155 castellano
746 2123 997 2166 compositione
1022 2134 1162 2156 roccam
1185 2123 1296 2165 ipsam
1319 2122 1552 2156 obtinuerunt.
1598 2123 1702 2155 Tunc
1719 2123 1878 2155 Gaietani
1902 2133 1978 2155 cum

13 2219 15 2222 Ι
67 2177 108 2210 35
133 2176 322 2210 castellano
346 2177 483 2209 castelli
506 2183 765 2219 componentes,
781 2177 960 2210 castellum
977 2177 1150 2220 recipiunt
1164 2178 1209 2210 ad
1225 2188 1346 2209 manus
1369 2188 1458 2209 suas·
1505 2177 1550 2209 Et
1566 2183 1650 2210 tunc
1666 2187 1727 2219 per
1744 2176 1978 2209 Albanensem

223 2333 248 2357 4.
267 2325 504 2359 depopulationis
523 2325 598 2350 Uen.
620 2338 652 2344 —
675 2333 715 2351 11.
735 2333 792 2351 non
814 2326 872 2351 nisi
891 2327 964 2351 scire
982 2327 1074 2355 Ucrm
1095 2335 1144 2351 nec
1165 2327 1271 2351 scirent
1290 2327 1353 2351 Dat
1367 2327 1411 2351 Ra
1425 2340 1456 2344 -
1474 2326 1514 2352 16.
1528 2326 1603 2350 nihil
1617 2326 1692 2350 Uon-
1706 2335 1719 2350 e
1733 2327 1829 2350 Pam-z
1843 2339 1851 2343 -
1867 2326 1978 2349 arnesio

132 2367 210 2394 Uen.
229 2377 243 2392 e
261 2368 324 2392 Dm.
343 2367 386 2392 Ra
407 2381 439 2385 —-
461 2367 502 2392 16.
521 2368 596 2400 quod
615 2370 691 2399 sunt.
710 2370 889 2402 recipiuntur
908 2369 998 2398 Ucn.;
1019 2369 1164 2401 recipiunt
1182 2370 1246 2394 Dm.
1265 2369 1308 2394 Rs:
1326 2382 1360 2386 ——
1379 2376 1422 2401 ²3·
1442 2371 1469 2393 et
1489 2370 1553 2402 post
1573 2369 1653 2393 diros
1672 2369 1748 2393 Uen.
1769 2377 1782 2391 e
1800 2368 1863 2391 Dm„
1882 2368 1925 2391 Rs:

218 2469 381 2494 ¹Pandolso
394 2471 497 2494 notaro
508 2470 677 2503 cappellano
688 2471 732 2495 del
744 2471 948 2504 papaelegato
960 2479 1026 2504 apo·
1082 2473 1140 2502 cit.¹
1166 2471 1187 2502 1,
1214 2471 1247 2496 28
1271 2479 1286 2496 e
1306 2479 1360 2503 sg.;
1381 2471 1488 2496 AMAm
1507 2478 1522 2495 e
1540 2470 1765 2499 ScluApARELLx,
1791 2471 1913 2494 L’Italia
1933 2470 1975 2493 de-

129 2512 236 2538 stolico
245 2512 321 2537 nelle
329 2512 703 2544 Marehe‚cr.136nman,nn.
716 2513 810 2545 12886‚
825 2521 918 2546 12904.
931 2514 1024 2546 14827.
1080 2515 1177 2540 scritta
1197 2516 1232 2539 da
1253 2515 1358 2544 Edrisi,
1379 2514 1476 2545 Roma,
1501 2512 1575 2545 1883.
1596 2521 1641 2545 pp.
1660 2519 1766 2545 99·101.

87 2559 100 2586 5
217 2553 229 2571 ¹
247 2554 282 2580 R.
294 2562 354 2580 non
367 2557 391 2579 si
412 2556 576 2589 pronunzia
589 2555 663 2580 sulla
677 2557 816 2581 condotta
829 2557 980 2581 dess'sbate
994 2557 1023 2581 di
1167 2555 1178 2572 ³
1204 2557 1244 2581 Di
1268 2558 1359 2589 questi
1388 2557 1455 2581 fatti
1481 2557 1513 2580 R.
1537 2555 1551 2580 'e
1578 2556 1658 2580 fonte
1684 2555 1712 2579 di
1740 2555 1834 2588 primo
1861 2555 1976 2583 ordine3

129 2596 517 2631 mntecasslno‚giudicato
531 2599 671 2623 traditore
690 2599 726 2623 da
745 2599 892 2624 FederIco.
917 2599 1024 2625 ⁴¹....11
1080 2600 1116 2624 cs.
1136 2607 1175 2624 un
1203 2601 1348 2624 riassunto
1373 2599 1525 2631 perspicuo
1552 2598 1583 2622 ln
1610 2597 1644 2622 G.
1672 2597 1829 2627 PAoLucc1‚
1855 2601 1898 2628 op.
1922 2597 1976 2627 αἶ,
2006 2599 2039 2616 20

130 2638 144 2653 ³
155 2646 237 2672 papa,
256 2640 486 2665 ricominciando
506 2641 614 2673 l’opera
627 2647 676 2665 sua
691 2641 720 2665 di
733 2641 851 2674 perfidia
863 2650 878 2667 e
890 2641 921 2667 dl
934 2642 1026 2672 (rode,
1082 2650 1129 2675 pp.
1148 2649 1180 2674 31
1202 2650 1216 2665 e
1236 2649 1279 2673 3²·

132 2680 236 2714 “prese
255 2689 312 2706 una
330 2682 404 2707 delle
425 2684 522 2707 nostre
543 2682 668 2707 fortezze
693 2681 744 2716 plu
769 2684 948 2709 disendevoli
975 2685 1026 2708 che
1167 2682 1178 2699 ⁴
1196 2683 1231 2708 V.
1250 2691 1277 2716 p.
1297 2690 1340 2715 23,
1360 2691 1386 2707 n.
1409 2690 1433 2707 z.

21 2757 25 2760 „
131 2722 352 2749 “s’addlmanda
383 2724 608 2754 montecassino,
639 2725 931 2758 consegnntagn
963 2726 1025 2751 dal
1167 2724 1178 2741 ⁵
1197 2725 1352 2750 L’esercito
1366 2725 1475 2758 papale,
1494 2725 1718 2756 aecompagnato
1739 2724 1773 2747 da
1793 2723 1911 2755 Pelaglo
1933 2730 1976 2746 ve-

22 2765 26 2785 ῖ
72 2771 105 2789 ιο
132 2763 367 2791 “maledetto
387 2767 498 2791 abate
518 2766 553 2790 di
574 2767 659 2798 quel
678 2768 902 2799 monastero,
922 2768 944 2792 il
959 2775 1025 2800 qua·
1078 2777 1165 2793 scovo
1185 2768 1314 2792 cardinal
1335 2768 1478 2791 d'Albano
1498 2774 1513 2791 e
1526 2767 1622 2799 legato
1637 2766 1812 2798 apostolico,
1827 2773 1875 2798 per
1889 2765 1977 2789 Fran-

132 2807 145 2820 ¹⁴
157 2807 183 2831 le
201 2807 242 2839 gli
262 2814 352 2832 aveva
371 2815 518 2841 promesso
537 2809 567 2833 di
586 2809 630 2833 sar
649 2809 742 2833 molto
761 2809 791 2833 dl
811 2807 870 2842 piu,
895 2817 939 2834 ma
965 2817 1024 2834 non
1079 2811 1169 2835 colise
1190 2817 1332 2843 pervenne
1351 2816 1367 2833 a
1386 2810 1466 2834 Sessa
1480 2809 1624 2837 Aurunca,
1638 2809 1774 2832 costi-otta
1788 2815 1804 2831 a
1818 2808 1914 2831 cedere
1929 2814 1977 2839 per
2006 2812 2037 2837 25

131 2847 231 2882 “pote.
251 2849 351 2883 perche
377 2851 385 2874 i
413 2850 521 2875 sudditi
550 2851 638 2875 fedeli
663 2853 851 2883 aspettnvano
877 2852 898 2876 il
923 2854 1025 2877 nostro
1080 2853 1163 2878 fame.
1201 2853 1224 2877 Il
1245 2860 1279 2885 29
1299 2853 1333 2882 V,
1361 2859 1428 2884 1229
1453 2850 1596 2882 Gregorio
1615 2850 1654 2874 IX
1673 2850 1833 2875 accordava
1852 2850 1941 2876 anche
1961 2857 1976 2873 a

132 2891 271 2916 “fstOfflO
284 2909 307 2925 „-
344 2891 454 2921 Questo
474 2893 517 2918 fra
537 2893 633 2918 l'altro
653 2893 687 2917 da
709 2893 837 2918 Barletta
858 2894 880 2918 il
896 2899 926 2926 23
950 2894 1025 2924 vm,
1079 2897 1179 2927 questa
1198 2894 1268 2919 eitta
1289 2896 1362 2919 tutte
1381 2895 1407 2918 le
1426 2891 1537 2922 liberta,
1560 2893 1659 2917 “slent
1672 2893 1836 2923 Anagninm
1858 2894 1885 2916 ct
1904 2891 1976 2915 allas

133 2940 200 2966 ¹²29
228 2933 377 2965 (Bormam,
406 2942 433 2960 n.
465 2935 562 2968 ¹4708)
589 2937 691 2960 scrisse
719 2935 856 2961 Federico
883 2936 1024 2962 all'emlro
1082 2938 1242 2963 “clvltates
1263 2938 1455 2969 Campanie,‚.
1475 2936 1524 2959 che
1544 2943 1631 2960 erano
1657 2937 1729 2959 state
1755 2935 1907 2959 concedute
1930 2934 1977 2958 dal

23 2991 25 2994 -
72 2982 101 3009 ις
129 2975 308 3001 Fachreddin
322 2977 402 3010 figllo
416 2978 461 3002 del
473 2978 543 3011 sayh
554 2977 600 3002 del
615 2978 683 3010 sayh
696 2977 741 3002 del
753 2978 868 3003 sultano
880 2978 1024 3011 d’Egltto;
1080 2981 1175 3012 legato
1195 2980 1357 3012 apostolico
1378 2986 1426 3010 per
1446 2979 1604 3002 fomentare
1630 2976 1656 3001 la
1683 2977 1757 3001 totta
1786 2977 1828 3001 fra
1853 2975 1936 3000 Stato
1963 2984 1976 3000 e

24 3015 26 3018 ⁴
131 3019 169 3044 cs.
188 3018 215 3044 la
234 3019 404 3044 traduzione
423 3020 608 3049 dell’AMMu.
629 3021 780 3045 Biblioteca
805 3021 896 3046 Arabo
923 3021 1025 3052 Sicula,
1081 3021 1198 3050 Chiesa;
1221 3021 1412 3049 Ronanmmo,
1431 3019 1451 3047 Ι,
1473 3026 1499 3043 n.
1519 3017 1579 3050 388,
1600 3025 1646 3051 pp.
1666 3017 1756 3049 307—8.
2005 3023 2039 3048 30
