2320 3444
142 232 219 258 Mus..
235 238 254 253 c.
270 238 309 258 99³
355 220 403 258 94

162 1329 182 1344 c.
197 1327 236 1346 129
243 1328 257 1342 r

350 353 514 391 reddidit,
532 358 567 385 et
582 351 758 393 Aliphiam
773 350 794 390 ¹,
811 350 979 383 Boianum
994 348 1194 392 imperatori

350 418 385 440 se
408 406 574 446 reddidit,
613 404 671 436 ubi
712 404 793 436 dum
824 403 974 436 barones
1011 401 1194 436 comitatus

349 459 477 493 Molisii
508 459 567 501 qui
606 457 806 500 imperatori
844 466 981 488 manum
1022 456 1195 488 dederant

348 519 470 546 contra
492 511 652 544 comitem
677 510 901 542 Thomasium
933 508 1193 546 conuenissent;

348 577 464 599 comes
487 576 564 598 cum
588 564 708 607 paucis
731 562 876 595 ueniens
900 572 1040 595 roccam
1070 562 1193 605 Mage-

346 619 440 658 nulfi,
466 618 631 651 Boianum
664 616 881 658 combu[s]sit
912 621 947 648 et
981 615 1083 649 bonis
1115 626 1195 658 pro-

346 673 430 715 priis
445 671 624 714 spoliauit:
642 670 797 703 muniens
813 669 897 702 inde
914 679 1052 702 roccam
1066 669 1192 701 Boiaui

346 732 380 758 et
396 735 536 757 uxorem
550 734 644 756 suam
658 722 866 756 comitissam
878 723 1020 755 trahens
1033 722 1075 755 de
1088 733 1194 755 rocca

345 779 431 820 ipsa,
465 788 582 810 secum
618 776 716 810 duxit
746 776 781 808 in
812 786 952 808 roccam
991 775 1193 818 Magenulfi.

346 831 445 863 Tunc
469 830 561 863 iussu
584 829 804 873 imperatoris
836 829 951 862 dictus
980 828 1192 861 Acen-arum

346 894 473 922 comes,
497 889 710 927 congregato
728 882 896 920 exercitu,
914 892 1055 915 roccam
1073 881 1194 915 Boiani

345 937 494 975 obsidet,
518 947 620 980 quam
643 937 739 968 facta
763 936 1014 978 compositione
1030 935 1193 968 cumillis

346 991 403 1034 qui
442 996 542 1023 erant
564 990 655 1022 intus
689 990 749 1033 qui
784 989 864 1021 dum
901 994 1090 1031 potuerunt
1111 988 1193 1022 satis

344 1044 486 1088 egregie
504 1043 752 1083 defenderunt,
774 1043 869 1075 illam
893 1043 1030 1086 recepit
1046 1041 1091 1075 ad
1106 1053 1194 1086 opus

344 1097 575 1140 imperatoris,
599 1096 726 1129 deinde
749 1106 854 1128 rocce
878 1096 1069 1140 Magenulfi
1093 1096 1193 1129 obse-

346 1150 485 1184 dionem
512 1156 624 1192 parat.
655 1150 780 1183 Rocca
825 1149 900 1182 Iani
932 1150 1095 1182 mandato
1133 1150 1194 1183 ab·

345 1204 434 1237 batis
456 1203 638 1246 Stephani,
662 1203 743 1246 quia
765 1202 809 1235 de
832 1213 923 1235 nouo
946 1204 1044 1236 facta
1065 1203 1193 1242 suerat,

346 1256 485 1290 diructa
508 1262 560 1290 est
584 1262 618 1289 et
640 1266 772 1288 euersa.
796 1256 966 1289 Celanum
988 1257 1193 1299 imperatori

346 1321 384 1344 se
404 1311 575 1344 reddidit:
599 1313 671 1343 set'
696 1310 837 1354 quidam
861 1321 897 1343 se
921 1310 958 1342 in
980 1311 1068 1343 turri
1090 1322 1191 1354 supe-

346 1364 428 1397 riori
451 1364 660 1407 recipientes
683 1369 718 1397 et
740 1364 777 1396 in
801 1375 882 1397 arce
906 1364 1047 1397 Obinoli
1071 1370 1193 1397 contra

345 1419 589 1461 imperatorem
612 1428 649 1450 se
672 1417 850 1450 tenebant.
875 1418 1021 1461 Propter
1037 1418 1131 1461 quod
1147 1417 1192 1451 ad

346 1473 398 1505 sui
421 1471 601 1504 defensam
624 1471 782 1504 homines
811 1471 947 1510 Celani,
978 1482 1023 1503 ne
1054 1471 1192 1504 offendi

346 1525 390 1557 ab
414 1524 464 1557 eis
487 1529 637 1567 possent,
660 1529 801 1567 gentem
825 1524 1046 1566 imperatoris
1067 1525 1102 1557 in
1126 1525 1193 1558 Ce-

346 1579 460 1611 lanum
485 1578 765 1617 introduxerunt,
782 1577 839 1621 qui
856 1584 1097 1621 expugnantes
1112 1579 1194 1611 uiri-

345 1633 425 1665 liter
447 1632 571 1665 turrim
594 1632 716 1674 ipsam,
739 1631 773 1663 ui
799 1642 874 1664 eam
891 1641 1020 1674 capere
1044 1642 1114 1665 non
1130 1643 1193 1675 po-

346 1691 487 1719 tuerunt
499 1685 522 1719 ¹.

434 1740 572 1772 Interea
593 1739 798 1782 Imperator,
821 1739 946 1772 ceteris
969 1739 1036 1773 sibi
1059 1745 1127 1773 tam
1152 1741 1191 1773 li-

345 1793 469 1826 benter
494 1803 597 1837 quam
627 1793 793 1837 hylariter
815 1803 880 1826 ceu
911 1794 1054 1826 domino
1076 1794 1191 1828 inten-

345 1847 517 1886 dentibus,
547 1840 611 1890 per
642 1846 803 1890 Apuliam
834 1853 869 1879 et
899 1846 1097 1880 Calabriam
1125 1848 1192 1881 iter

343 1901 490 1940 faciens,
503 1901 599 1934 felici
612 1902 694 1934 satis
708 1902 823 1934 omine
836 1901 870 1933 in
883 1901 1039 1934 Siciliam
1053 1903 1191 1936 trasfre·

344 1961 393 1987 tat
409 1961 444 1987 et
458 1955 655 1988 Messanam
678 1956 810 1988 intrans
832 1966 911 1988 cum
927 1955 1059 1988 honore
1075 1957 1190 1989 multi-

343 2009 446 2042 modo
470 2009 532 2042 has
554 2010 604 2043 ibi
626 2009 745 2042 statuit
766 2009 906 2042 ascisias
923 2009 1157 2042 obseruandas
1168 2009 1191 2042 ³.

438 2062 454 2080 “
467 2063 632 2097 Nonnulli
656 2064 699 2096 de
716 2064 864 2106 imperio
889 2069 923 2096 et
945 2073 1055 2107 regno
1071 2070 1190 2097 nostro

349 2118 363 2133 “
377 2116 472 2150 circa
503 2118 623 2150 ludum
655 2117 849 2150 taxillorum
880 2123 916 2150 et
945 2117 1108 2155 alearum,
1132 2117 1191 2160 qui

349 2173 364 2189 ⁸
378 2172 478 2205 ludus
499 2172 709 2214 proditionis
730 2172 906 2210 asseritur,
929 2171 1114 2214 plurimum
1130 2171 1190 2203 de-

347 2226 361 2242 “
377 2226 548 2258 lectantur
572 2230 607 2257 et
629 2225 713 2258 licet
736 2224 809 2267 ei[s]
833 2234 903 2257 non
928 2224 1116 2258 debeamus
1138 2223 1190 2256 in-

350 2279 550 2312 “terdicere
580 2279 700 2311 ludum
731 2279 855 2322 ipsum,
887 2279 968 2322 quia
998 2277 1189 2311 solaciandi

349 2334 362 2350 ‘⁴
377 2343 482 2365 causa
505 2333 561 2365 uel
585 2332 724 2366 iocandi
741 2333 889 2366 materia
905 2332 1012 2365 fuisse
1028 2336 1189 2364 narratur

435 2493 455 2510 1.
475 2485 582 2510 redditi
602 2485 697 2511 Gaun.
719 2499 751 2503 —
771 2485 796 2510 6.
815 2485 958 2510 comburit
976 2484 1073 2509 Gaun.
1092 2498 1125 2502 -—
1148 2489 1188 2516 15.

343 2530 497 2555 Malenuus
520 2531 583 2555 Cod.
605 2544 636 2548 -—
650 2537 693 2562 24·
705 2532 898 2563 espugnantes
921 2531 985 2555 Cod.
1005 2543 1037 2547 ——
1050 2536 1094 2561 33.
1107 2529 1188 2554 Nun-

343 2574 417 2599 nulli
438 2574 536 2601 Gaun.

301 2729 314 2754 5
433 2720 441 2737 ¹
454 2722 564 2747 sifrido
577 2723 661 2747 conte
674 2722 793 2753 d’Alise,
806 2723 941 2752 ΒὸΗΜιιι,
955 2729 983 2746 n.
997 2729 1057 2754 444.
1090 2720 1239 2755 Dlopoldo

343 2771 389 2788 era
407 2765 588 2797 prigloniero
608 2764 653 2790 del
673 2767 759 2790 conte
777 2763 916 2790 Giacomo
935 2764 963 2788 di
983 2763 1010 2788 S.
1028 2763 1167 2788 Severlno
1181 2763 1239 2788 fino

343 2806 389 2830 dal
413 2807 487 2831 1218.

429 2846 439 2864 ²
458 2849 512 2874 Per
531 2857 568 2873 un
589 2850 686 2874 buono
706 2857 719 2874 e
739 2850 839 2874 chiaro
859 2849 1005 2874 rlassunto
1016 2848 1092 2873 delle
1106 2848 1180 2873 lotte
1193 2855 1237 2874 ιο·

343 2892 453 2915 stenute
481 2891 528 2915 dal
557 2891 682 2916 Maestro
712 2892 879 2924 glustiziere
906 2890 1062 2916 Tommaso
1090 2890 1237 2922 d’Aqulno

284 2938 316 2956 xo
343 2934 445 2956 contro
463 2933 616 2958 'rommaso
631 2935 715 2959 conte
728 2934 757 2958 di
778 2934 888 2959 Celano
902 2941 916 2958 e
929 2933 960 2958 di
978 2933 1091 2963 Molise.
1105 2933 1140 2958 cf.
1160 2934 1236 2958 Evn-

342 2980 412 2998 um
425 2974 569 3006 Jammou,
592 2977 611 2999 I
624 2977 697 3001 conti
715 2977 745 3000 di
762 2977 861 3001 Molise
880 2985 893 3000 e
913 2976 944 3000 di
956 2976 1074 3006 Marsia,
1088 2976 1146 3007 clt,
1161 2983 1187 3007 p.
1203 2980 1237 3007 50

343 3024 357 3039 e
377 3023 418 3048 sg.

814 216 1095 254 RYCCARDI
1123 215 1192 251 DE
1220 212 1434 251 SANCTO
1463 211 1735 250 GERMANO

2026 217 2079 254 [Α.
2100 219 2195 255 12²1]

1352 347 1508 390 peratori
1531 346 1676 390 Aliphia
1699 352 1734 380 et
1764 346 1912 386 Caiatia,
1933 357 2020 391 quas
2050 346 2200 380 tenebat.

1441 401 1544 433 Tunc
1569 400 1672 433 etiam
1697 400 1851 433 Thomas
1867 400 1913 433 de
1929 399 2070 444 Aquino
2085 400 2202 434 factus

1353 453 1561 487 Acerrarum
1584 463 1701 486 comes
1722 452 1892 496 Magister
1913 453 2110 487 iustitiarius
2124 454 2201 487 iac-

1353 514 1405 540 tus
1428 513 1480 540 est
1503 506 1630 549 Apulie
1655 512 1690 539 et
1713 506 2002 540 Terre-Laboris.

1279 561 1296 593 5
1441 561 1608 593 Boianum
1640 560 1845 602 Imperatori
1872 571 1910 594 se
1938 561 2108 600 reddidit;
2143 562 2204 596 ubi
2214 560 2274 609 ⁶22*

1352 625 1429 646 cum
1447 614 1596 646 barones
1620 613 1803 646 comitatus
1819 614 1879 657 qui
1895 614 2117 657 Imperatoris
2132 615 2256 663 rna-⁸4

1351 679 1432 700 num
1457 667 1626 700 dederant
1658 673 1781 700 contra
1811 667 1982 700 Thomam
2012 668 2138 702 Celani
2166 674 2202 703 et

1352 720 1481 753 Molisii
1513 722 1676 754 comitem
1701 721 1955 761 conuenissent,
1979 732 2095 755 comes
2125 722 2201 767 ipse

1350 783 1455 817 super
1478 784 1537 807 eos
1559 774 1696 807 irruens
1719 774 1753 807 in
1777 775 1897 818 fugam
1921 775 2025 809 uertit
2049 777 2202 818 eosdem,

1352 826 1523 860 Boianum
1540 827 1730 861 combussit
1753 833 1787 861 et
1810 829 1855 861 de
1871 828 1964 862 illius
1985 829 2196 864 uictualibus

1350 892 1489 915 roccam
1502 882 1624 915 Boiani
1640 882 1796 921 muniuit,
1810 893 1954 916 uxorem
1971 895 2066 916 suam
2092 883 2200 918 comi·
2234 876 2238 882 ’

1350 935 1469 967 tissam
1484 946 1602 968 secum
1626 937 1759 970 ducens
1781 937 1828 970 ad
1845 948 1986 970 roccam
2001 937 2200 971 Maienulfi.

1438 988 1560 1022 Dictus
1575 989 1786 1023 Acerrarum
1804 1001 1922 1024 comes
1938 1001 2016 1024 cum
2031 991 2203 1035 imperiali

1351 1043 1508 1075 exercitu
1530 1053 1671 1077 roccam
1688 1044 1809 1077 Boiani
1826 1045 1960 1084 adiens,
1976 1045 2071 1078 illam
2087 1041 2280 1090 arctatss⁰⁶3

1350 1101 1386 1128 et
1407 1095 1553 1135 obsidet,
1567 1097 1627 1140 qui
1642 1109 1719 1130 eam
1735 1109 1798 1141 per
1813 1099 2098 1142 compositionem
2115 1098 2202 1132 obti-
2225 1095 2259 1118 ’κ’
2272 1101 2274 1105 ’

1350 1155 1408 1181 net
1431 1160 1495 1191 pro
1513 1150 1586 1192 ipso
1611 1151 1838 1194 Imperatore.
1855 1151 1984 1186 deinde
1999 1162 2107 1186 rocce
2121 1152 2202 1186 Ma-

1350 1202 1474 1238 ienulfi
1499 1203 1536 1235 in
1560 1215 1628 1247 qua
1650 1204 1765 1238 dictus
1781 1216 1898 1238 comes
1915 1205 2071 1239 Thomas
2093 1216 2130 1239 se
2146 1216 2200 1240 re-

1350 1262 1503 1298 ceperat,
1528 1257 1745 1291 obsidionem
1768 1265 1878 1302 parat.

1437 1309 1510 1342 Illis
1533 1311 1656 1344 diebus
1678 1323 1786 1346 rocca
1814 1313 1934 1346 Ianule
1963 1323 2069 1358 super
2090 1309 2266 1346 Sanc-⁸⁰⁶¹

1350 1368 1422 1395 tum
1446 1363 1655 1397 Germanum
1680 1366 1724 1398 de
1748 1377 1840 1400 nouo
1863 1367 2003 1400 firmata
2027 1367 2184 1407 diruitur,
2192 1365 2222 1384 '¹‘

1351 1416 1447 1450 iuxta
1471 1418 1600 1451 editam
1624 1419 1745 1462 Capue
1762 1420 2042 1454 constitutionem
2067 1419 2112 1454 de
2135 1429 2222 1453 κιο-ι.
2231 1425 2280 1456 1,

1350 1471 1404 1504 uis
1428 1472 1580 1506 edificiis
1604 1474 1794 1507 diruendis.

1260 830 1298 861 10

1259 1096 1296 1130 15

1256 1366 1298 1398 20

1351 1578 1497 1612 busdam
1520 1580 1554 1612 in
1578 1582 1665 1613 turri
1682 1581 1804 1614 Celani
1830 1588 1864 1614 et
1880 1582 1915 1614 in
1932 1581 2086 1615 Obinulo
2100 1592 2137 1615 se
2151 1578 2236 1626 adss',⁸
2248 1619 2258 1622 U

1255 1633 1296 1665 25

1351 1694 1495 1732 propter
1518 1690 1613 1732 quod
1635 1688 1847 1722 Celanenses
1870 1689 2092 1731 Imperatoris
2114 1699 2200 1734 gen-

1351 1747 1419 1774 tem
1442 1743 1477 1774 in
1502 1753 1600 1775 suum
1623 1753 1825 1775 succursum
1855 1748 1996 1782 uocant,
2027 1753 2107 1776 cum
2130 1753 2200 1787 qua

1350 1795 1470 1828 turrim
1492 1796 1603 1838 ipsam
1627 1796 1871 1840 aggredientes
1886 1796 2046 1836 uiriliter,
2061 1797 2098 1830 ui
2121 1807 2198 1830 eam

1350 1858 1477 1891 capere
1501 1851 1742 1892 nequiverunt.

1437 1902 1627 1945 Imperator
1651 1903 1777 1936 ceteris
1800 1904 1845 1937 de
1869 1914 1979 1948 regno
2008 1904 2075 1938 sibi
2107 1904 2198 1938 colla

1349 1955 1581 1996 flectentibus,
1596 1968 1660 2000 per
1675 1955 1837 2000 Apuliam
1861 1963 1895 1990 et
1911 1957 2108 1991 Calabriam
2130 1957 2198 1991 iter

1347 2009 1491 2048 habens,
1515 2010 1670 2042 feliciter
1693 2010 1728 2042 in
1753 2011 1911 2043 Siciliam
1934 2013 2145 2051 transfretat,
2161 2017 2196 2046 et

1348 2063 1509 2096 Messane
1532 2074 1657 2108 regens
1689 2065 1820 2096 curiam
1851 2066 2062 2108 generalem,
2092 2076 2196 2111 quas-

1348 2117 1427 2150 dam
1443 2117 1491 2150 ibi
1507 2117 1623 2150 statuit
1639 2117 1782 2150 ascisias
1799 2118 2048 2157 obseruandas,
2071 2124 2196 2152 contra

1347 2170 1479 2203 lusores
1503 2171 1696 2203 taxillorum
1719 2178 1754 2203 et
1784 2171 1936 2204 alearum
1966 2181 2094 2205 nomen
2124 2171 2196 2204 Do-

1348 2224 1431 2256 mini
1456 2223 1747 2266 blasphemantes,
1770 2230 1891 2258 contra
1915 2225 2052 2263 Iudeos,
2083 2230 2122 2258 ut
2158 2224 2195 2257 in

1348 2277 1550 2310 differentia
1563 2278 1709 2310 uestium
1725 2284 1759 2310 et
1775 2283 1952 2321 gestorum
1963 2290 1984 2312 a
1996 2277 2193 2312 christianis

1347 2332 1599 2371 discernantur,
1631 2339 1752 2366 contra
1790 2333 2003 2372 meretrices,
2040 2337 2078 2364 ut
2114 2341 2194 2365 cum

1255 1901 1297 1933 30

1253 2170 1294 2204 35

1437 2490 1461 2516 3.
1482 2483 1602 2516 Magnus
1621 2483 1798 2508 Iustitiarius
1818 2483 1895 2508 Uen.
1919 2495 1952 2501 -—
1977 2489 2003 2515 4.
2027 2481 2134 2514 Aqulle
2153 2482 2194 2506 r'n-

1347 2536 1411 2552 vece
1430 2528 1460 2552 di
1477 2527 1584 2560 Apulie
1603 2526 1679 2553 Uar-1.
1699 2541 1731 2546 -
1751 2526 1805 2560 8-9.
1825 2526 1927 2552 Comes
1947 2533 2031 2559 super
2054 2533 2104 2552 eos
2131 2526 2191 2559 ipse

1348 2571 1424 2597 ὕοι-ι.
1444 2585 1477 2590 -
1500 2571 1590 2604 15·16.
1608 2573 1722 2605 optinet
1741 2572 1817 2597 Uen.
1837 2585 1869 2589 —
1889 2577 1932 2604 24.
1950 2572 1978 2596 et·
1997 2579 2046 2596 om.
2060 2570 2137 2596 Uen.
2157 2582 2191 2588 ·—·

1349 2616 1392 2642 28.
1411 2618 1439 2641 ui
1459 2625 1508 2642 om.
1526 2616 1623 2641 Pam-z

1382 2718 1393 2735 ³
1412 2720 1467 2745 Nel
1486 2721 1571 2752 primi
1592 2721 1636 2745 del
1653 2720 1783 2745 sebbi-aio
1798 2725 1863 2744 1221
1880 2719 2016 2744 Federico
2029 2719 2066 2744 da
2078 2718 2191 2744 Averna

1295 2761 1379 2795 passo
1399 2771 1414 2787 a
1433 2762 1559 2792 δεύει-κιο,
1574 2763 1602 2787 di
1624 2762 1644 2787 n
1666 2769 1682 2787 a
1701 2763 1799 2792 Troia,
1817 2761 1936 2794 FoggIa.
1955 2762 2046 2786 Tranl
2064 2762 2138 2786 dove
2157 2760 2190 2785 su

1294 2805 1315 2830 il
1335 2813 1350 2838 3
1371 2813 1476 2836 marzo,
1496 2805 1595 2837 quindi
1614 2813 1631 2830 a
1650 2805 1715 2830 Bari
1736 2804 1901 2829 eBrindisi.
1939 2803 2107 2836 Nell’aprlle
2127 2802 2159 2828 su
2174 2810 2190 2828 ι

1292 2847 1430 2879 Taranta,
1452 2855 1466 2872 e
1479 2847 1508 2872 dl
1528 2845 1551 2871 ll
1565 2855 1614 2880 per
1634 2846 1763 2872 Cosenza
1777 2846 1807 2872 su
1821 2853 1837 2871 a
1850 2846 1977 2871 Messina
1992 2846 2070 2878 negli
2089 2845 2190 2871 ultimi

1292 2890 1370 2915 dello
1390 2892 1479 2914 stesso
1498 2897 1587 2919 mese;
1607 2889 1644 2915 cf.
1664 2889 1801 2918 Borrama,
1827 2896 1876 2913 nn.
1905 2888 1980 2918 1281,
2007 2887 2084 2921 1283,
2112 2887 2188 2920 1289.

1293 2939 1370 2965 1291,
1387 2939 1462 2964 1²94·
1478 2938 1554 2965 1297,
1573 2939 1651 2964 1300,
1668 2937 1733 2965 1307
1747 2939 1762 2956 e
1775 2939 1831 2964 sg.;
1844 2931 2189 2960 ScnuFFER-Borcuonsr,

1291 2976 1350 3000 Das
1376 2975 1471 3000 Gesetz
1490 2975 1592 2999 Kaiser
1612 2974 1768 2999 Friedrichs
1789 2974 1827 3005 II,
1849 2973 1907 3005 cit„
1926 2981 1954 3006 p.
1976 2979 2018 3004 52.

2221 2809 2263 2836 ΙΙ

1352 1634 1558 1668 fidelitatem
1590 1635 1726 1668 comitis
1762 1634 1893 1668 Molisii
1931 1630 2275 1683 recipientibuszzi-Jfssj
2316 1639 2317 1673 j
