2320 3444
64 269 67 271 ‚
122 233 208 270 [ΑΛ.
228 234 422 270 1210-12111

56 352 64 378 ἶ
118 370 208 404 opus
228 360 455 403 imperatoris,
471 366 510 394 ut
524 366 617 394 terra
633 360 782 394 ecclesie
805 371 963 394 remane-

118 420 171 447 ret
181 413 379 456 indempnis
390 414 537 458 ylariter
548 420 809 458 componentes,
822 414 867 446 ad
881 424 962 456 pro-

72 472 82 498 ἴ·
118 468 197 511 pria
210 467 400 501 redierunt.
436 468 628 511 Imperator
642 478 728 501 uero
751 478 814 511 per
835 467 961 500 uallem

74 535 76 539 ’
117 521 248 555 Robeti
265 521 390 554 Soram
401 522 556 560 ueniens,
573 532 677 564 quam
693 521 890 554 Riccardus
905 530 963 553 co-

64 573 76 607 st
117 585 191 607 mes
203 574 335 607 domini
347 575 542 608 Innocentii
553 585 645 617 pape
661 584 844 618 germanus
867 580 963 606 tene-

73 639 75 642 ·
117 627 179 660 ‘bat
192 626 214 665 ¹,
230 638 307 660 cum
324 628 418 662 illam
435 629 566 662 intrare
583 639 653 661 non
669 634 797 671 posset,
813 627 963 660 exterius

62 702 64 706 -
118 682 379 715 castramentati
395 689 538 715 coactus
552 688 615 715 est.
645 682 800 725 Indeque
816 682 963 714 descen-

119 735 206 768 dens
229 742 307 778 post
328 735 472 770 biduum
493 735 602 768 mouit
623 735 658 767 in
674 735 856 768 Comiuum
870 734 882 752 ²
905 744 962 766 ca-

66 786 68 795 *
117 794 190 822 stra
210 799 284 828 sua,
307 795 342 822 et
364 789 420 822 die
438 789 549 822 altera
565 794 664 821 ext-ra
688 788 854 821 Sanctum
872 788 960 821 Ger-

61 838 78 846 ’
117 852 256 874 manum
272 852 349 875 cum
365 853 428 875 suo
444 841 602 875 exercitu
615 842 795 880 transiens,
807 841 962 884 Capuam

60 899 75 925 ἒ,
118 895 299 938 profectus
322 901 389 934 est;
413 895 472 929 ubi
496 895 620 928 diebus
643 904 712 927 non
735 895 860 937 paucis
882 905 962 936 pro-

117 949 260 982 trahens
290 959 423 982 moram
435 948 458 988 ³,
488 948 703 991 Diopuldum
733 957 812 980 cum
843 948 964 981 maiori

96 1009 219 1045 parte
243 1012 382 1036 suorum
406 1002 499 1036 misit
524 1001 580 1035 'ad
610 1001 856 1035 debellandum
880 1002 965 1034 civi-

70 1095 73 1097 ,
116 1060 223 1088 tatem
246 1055 389 1100 Aquini,
412 1055 448 1088 in
471 1066 539 1099 qua
570 1065 648 1087 cum
671 1064 707 1088 se
738 1054 964 1098 recepissent,

61 1108 65 1146 ζ
117 1107 324 1148 Landulfus,
347 1109 510 1148 Thomas,
533 1107 728 1141 Pandulfus
751 1114 787 1141 et
802 1107 964 1141 Robber-

74 1187 77 1189 -
119 1168 174 1195 tus
197 1161 330 1195 domini
352 1162 397 1195 de
421 1162 559 1205 Aquino
577 1173 656 1195 cum
673 1161 755 1201 suis,
771 1162 854 1194 licet
869 1161 963 1194 illam

71 1218 78 1226 ¹
118 1225 182 1259 per
203 1215 282 1248 dies
304 1215 436 1259 aliquot
456 1216 539 1250 totis
561 1214 719 1258 uirifbqu
750 1222 965 1259 expugnaret

70 1274 78 1313 J
118 1268 277 1302 obtinere
299 1279 370 1302 non
400 1268 528 1312 potuit;
560 1270 680 1312 sicque
703 1269 871 1302 confusus
893 1279 964 1302 non

75 1357 78 1362 Δ
118 1321 193 1355 sine
216 1322 368 1365 dampno
385 1322 539 1355 recessit.
574 1322 716 1355 Interim
732 1322 856 1355 ciuitas
872 1322 963 1354 Nea-

70 1390 79 1402 r
118 1375 275 1419 politana
296 1375 486 1419 imperator
511 1386 548 1408 se
578 1375 736 1411 reddidit
747 1375 770 1409 ⁴.
816 1375 889 1415 Qui
918 1375 964 1408 ad

65 1424 88 1476 {²
117 1429 320 1463 instinctum
345 1429 656 1472 Neapolitanorum
678 1429 849 1462 Auersam
871 1428 964 1471 posi-

63 1499 90 1529 12
117 1487 189 1516 tam
220 1493 338 1516 coram
369 1482 552 1516 obsidione
583 1483 719 1521 artauit,
750 1494 817 1527 que
847 1488 964 1515 tamen

68 1548 85 1574 ,ἶ
118 1535 338 1579 postmodum
362 1547 441 1570 cum
463 1537 540 1580 ipso
563 1537 769 1580 composuit,
786 1542 821 1570 et
836 1535 964 1569 exinde

70 1586 71 1590 ’
86 1624 87 1627 ,
119 1594 235 1623 castra
250 1599 392 1622 mouens
406 1590 444 1622 in
461 1588 621 1632 Apuliam
633 1590 874 1634 proficiscitur.
897 1588 964 1622 Cui

79 1639 89 1686 J,
119 1642 278 1676 ciuitates
300 1649 335 1676 et
357 1643 452 1684 uille,
476 1644 619 1677 comites
650 1649 686 1677 et
715 1643 864 1676 barones
893 1649 963 1676 tum

72 1710 102 1743 fs
119 1695 328 1735 uoluntatis,
348 1702 421 1730 tum
443 1703 556 1731 metus
571 1708 676 1731 causa
690 1708 726 1730 se
742 1695 836 1742 (sibi)
858 1697 964 1730 dede-

106 1747 214 1787 bant.
248 1750 472 1784 Innocentius
485 1761 577 1793 papa
591 1751 703 1793 ipsum
719 1751 964 1794 imperatorem

80 1821 89 1838 -.
116 1807 184 1846 pro
217 1813 260 1837 eo
294 1804 388 1847 quod
418 1804 582 1848 Regnum
615 1805 808 1838 intrauerat
841 1810 965 1837 contra

80 1893 82 1897 v
92 1855 388 1901 prohibitionem
418 1868 514 1891 suam
545 1863 580 1890 et
609 1858 838 1892 iuramentum
870 1856 965 1901 quod

96 1902 104 1910 ’
106 1908 266 1948 fecerat,
299 1910 442 1953 publice
472 1911 754 1944 excomunicauit
784 1917 818 1944 et
847 1921 965 1944 omnes

95 1967 97 1970 '
93 1961 275 1998 fautores
298 1963 373 1996 eius
395 1964 433 1996 in
456 1970 581 1997 octaua
603 1964 698 1997 beati
720 1963 875 1998 Martini.

94 2102 98 2103 ⁷
208 2070 440 2112 [M⁰CC⁰X1⁰].
463 2070 588 2104 Petrus
600 2071 712 2104 dictus
727 2071 854 2105 Comes
868 2071 965 2104 Casi-

90 2155 91 2158 ,
121 2123 238 2160 nensis
260 2123 367 2157 abbas
388 2123 475 2157 obiit
497 2124 534 2158 v⁰
556 2124 726 2158 kalendas
748 2124 930 2158 Februarii
942 2124 965 2156 ⁵.

95 2183 110 2198 ·
119 2176 288 2210 Dominus
299 2188 391 2221 papa
402 2177 608 2210 sententiam
621 2178 963 2216 excommucationis,

96 2259 110 2279 ·.
122 2240 224 2276 quam
239 2231 276 2264 in
291 2230 535 2274 imperatorem
551 2237 586 2264 et
602 2231 674 2264 eius
697 2242 863 2275 sequaces
879 2231 966 2265 tule-

98 2376 131 2406 ⁴3>
179 2359 189 2366 Ἀ
211 2371 254 2398 24.
272 2365 390 2399 Apliam
411 2366 476 2391 Coa.
501 2378 533 2384 —
558 2371 603 2399 32.
629 2366 694 2392 Cod.
718 2375 813 2391 manca
838 2367 927 2391 l’anno
952 2375 966 2391 e

110 2416 115 2420 ’
161 2423 163 2426 ·
205 2428 212 2442 ,
232 2411 415 2443 continuando,
435 2411 502 2442 dopo
520 2410 594 2436 beati
614 2410 735 2436 Martini

105 2576 111 2594 .-
214 2554 224 2573 ¹
242 2557 371 2582 Secondo
388 2557 430 2590 gli
450 2557 570 2582 Annales
590 2557 775 2588 Ces-cunenses,
794 2559 836 2583 M.
855 2559 886 2583 G.
906 2559 943 2583 H.
957 2559 1017 2588 SS„

112 2603 120 2626 ,’
137 2615 139 2619 ,
152 2597 199 2628 nt.
212 2605 271 2632 300,
285 2599 395 2624 Ottone
408 2598 457 2630 1v,
471 2599 531 2632 agli
546 2606 577 2624 11
593 2606 660 2624 nov.
677 2605 752 2629 1210,
764 2599 930 2625 “celebrato
945 2600 1018 2625 festo

101 2635 142 2670 ὅ·
152 2642 243 2667 -ncti
263 2642 382 2667 Martini
403 2649 486 2675 super
504 2641 613 2670 Soram,
625 2642 688 2666 tota
701 2643 776 2666 terra
790 2649 878 2675 usque
891 2642 1018 2675 Capuam

40 2689 45 2722 ὲ
153 2683 267 2710 redacta
285 2686 326 2710 est
351 2685 382 2709 ln
402 2691 454 2709 suo
474 2683 633 2716 imperio„
652 2684 779 2709 Bonum
798 2692 863 2716 ecc.,
883 2693 909 2710 n.
929 2692 1019 2718 44311.

97 2723 124 2762 s
212 2724 224 2743 ¹
243 2725 367 2752 Camino
388 2733 486 2761 presso
505 2726 600 2752 Rocca
619 2702 645 2751 d'
648 2727 783 2752 Evandro
803 2728 879 2753 nella
899 2729 1019 2762 Campa·

104 2763 190 2799 Ὶ4Ίιῑι,
207 2769 244 2794 cf.
265 2771 384 2803 Regem
403 2771 433 2795 ds
451 2770 606 2795 Toumso
625 2770 731 2802 decano,
751 2771 811 2800 cit„
823 2778 869 2804 pp.
883 2777 946 2804 940
958 2770 1018 2803 306.

212 2809 224 2827 ¹
242 2811 285 2837 Lo
303 2814 394 2838 stesso
412 2811 554 2837 Riccardo
567 2811 666 2837 all’an.
682 2818 747 2837 1211
770 2813 798 2837 cl
818 2813 845 2838 fa
859 2820 956 2846 sapere
970 2814 1019 2838 che

117 2851 130 2862 '³
149 2859 287 2879 -nocenso
305 2854 345 2879 111
363 2854 384 2879 11
403 2853 521 2887 giovedl
541 2856 635 2883 santo.
655 2861 687 2887 31
702 2861 806 2885 marzo,
825 2855 978 2880 interdisse
992 2855 1019 2880 la

98 2885 221 2922 ‚edinen
240 2896 270 2922 dl
289 2896 386 2929 Capua
406 2904 455 2930 per
474 2904 557 2922 avere
577 2897 719 2921 celebrato
739 2897 765 2921 le
792 2897 861 2922 feste
886 2897 1019 2922 ecclesia·

100 2941 106 2947 '
114 2937 217 2964 ..tlehe
235 2938 294 2963 ulla
313 2946 446 2972 presenza
465 2939 491 2964 d’
495 2939 606 2964 Ottone
625 2938 672 2963 IV.

213 2978 226 2998 ⁴
244 2981 349 3014 Napon
370 2980 438 3015 pote
457 2982 585 3006 render-si
605 2982 639 3006 ad
666 2980 775 3005 Ottone
800 2981 838 3006 IV
859 2982 905 3006 nei
931 2982 1018 3015 primi

115 3019 175 3047 'dol
196 3028 271 3052 1211.
290 3030 305 3048 e
323 3030 340 3048 a
357 3023 447 3055 quest'
450 3031 526 3048 anno
545 3025 674 3057 appunto
693 3024 823 3057 riportan
844 3023 872 3048 ls
892 3031 953 3048 resa
977 3024 1018 3056 gli

259 3137 563 3173 T.V11,p.n—3.

901 228 1180 265 CHRONICA

1029 841 1068 872 10

1031 1106 1068 1139 15

1027 1376 1070 1407 20

1027 1644 1069 1677 25

1028 1913 1070 1945 30

1027 2231 1068 2265 35

1910 229 1958 264 33

1210 360 1311 394 Tunc
1341 361 1436 393 idem
1460 361 1542 394 Otto
1566 371 1603 394 se
1624 361 1780 404 Capuam
1812 361 1962 400 confert,

1121 414 1180 447 ubi
1203 414 1354 457 receptis
1377 426 1396 447 a
1418 414 1606 459 Dyopuldo
1629 414 1736 448 certis
1765 415 1963 447 munitioni·-

1122 467 1186 500 bus
1208 479 1294 511 quas
1318 468 1467 501 habebat
1489 469 1525 501 in
1546 479 1665 512 regno,
1689 469 1814 502 ducem
1831 468 1963 511 Spoleti

1122 521 1226 554 efficit
1247 522 1354 554 illum.
1399 522 1466 554 Hic
1483 533 1562 554 cum
1576 529 1680 566 gente
1702 522 1811 565 ipsius
1826 522 1963 555 Ottonis

1122 574 1183 607 iuit
1213 575 1258 607 ad
1282 575 1526 608 debellandum
1557 576 1732 609 ciuitatem
1754 575 1898 619 Aquini,
1927 575 1963 607 in

1122 638 1190 670 qua
1212 628 1404 660 Landulfus
1433 629 1586 662 Thomas
1616 629 1808 662 Pandulfus
1831 635 1867 662 et
1888 628 1963 662 Ro-

1122 679 1239 713 bertus
1262 682 1392 714 domini
1417 681 1556 726 Aquini,
1573 683 1633 725 qui
1650 683 1742 726 regis
1765 683 1868 715 fidem
1891 692 1963 715 ser-

1121 733 1259 772 uabant,
1272 745 1308 766 se
1322 741 1528 778 receperant
1541 746 1619 768 cum
1633 741 1735 779 gente
1747 746 1823 774 sua;
1836 742 1871 768 et
1885 746 1962 768 cum

1122 796 1191 819 non
1207 787 1403 828 preualeret
1425 788 1458 820 in
1477 798 1564 827 eam,
1580 789 1712 822 uiribus
1727 788 1964 835 resistentibus

1121 840 1369 881 predictorum,
1387 841 1553 874 confusus
1569 848 1604 875 et
1627 853 1694 875 non
1719 843 1794 875 sine
1810 841 1961 884 dampno

1122 893 1275 926 recessit.

1209 946 1341 980 Ciuitas
1357 948 1526 991 Neapolis
1547 949 1582 981 in
1605 949 1724 983 odium
1740 948 1874 982 Auerse
1898 949 1963 992 ipsi

1121 999 1243 1032 ottoni
1265 1010 1302 1032 se
1327 1000 1493 1039 reddidit,
1516 1002 1573 1045 qui
1591 1003 1635 1034 ad
1651 1003 1853 1036 instinctum
1871 1003 1963 1035 Nea-

1121 1052 1353 1095 politanorum
1379 1053 1549 1087 Auersam
1580 1055 1729 1094 obsidet,
1759 1067 1838 1100 que,
1869 1057 1964 1089 facta

1123 1117 1200 1139 cum
1225 1117 1268 1140 eo
1291 1109 1553 1151 compositione,
1570 1110 1732 1142 remansit
1754 1110 1963 1152 indempnis.

1211 1161 1333 1194 Dictus
1367 1161 1450 1194 Otto
1485 1161 1612 1204 Apulie
1644 1163 1728 1194 fines
1759 1163 1963 1207 ingreditur,

1123 1214 1248 1247 ceteris
1270 1214 1334 1248 sibi
1359 1213 1451 1248 colla
1478 1214 1709 1255 flectentibus,
1739 1223 1810 1248 tum
1839 1216 1963 1248 uolun-

1123 1268 1210 1300 tarie
1232 1274 1304 1301 tum
1330 1278 1435 1301 causa
1457 1275 1579 1302 metus.

1209 1321 1432 1355 Innocentius
1454 1333 1547 1365 papa
1569 1323 1664 1355 illum
1687 1323 1967 1356 excommunicat

1123 1380 1157 1406 et
1178 1374 1360 1407 ecclesiam
1383 1376 1587 1418 Capuanam
1609 1376 1672 1409 sub
1694 1376 1880 1409 interdicto
1903 1386 1966 1418 po-

1121 1427 1182 1466 nit,
1206 1438 1271 1470 pro
1295 1438 1337 1461 eo
1362 1429 1456 1472 quod
1479 1428 1657 1462 celebrare
1688 1430 1763 1462 ausi
1785 1434 1865 1462 sunt
1887 1429 1964 1472 ipso

1121 1487 1293 1523 presente.
1320 1482 1614 1516 Excommunicat
1630 1483 1732 1516 etiam
1751 1492 1871 1516 omnes
1887 1483 1963 1515 fau-

1123 1540 1214 1567 tores
1237 1534 1328 1567 illius
1350 1535 1386 1568 in
1409 1535 1542 1569 octauis
1565 1535 1659 1569 beati
1683 1535 1836 1568 Martini.

1211 2067 1421 2102 M⁰CC⁰XI⁰.
1465 2069 1587 2102 Petrus
1625 2069 1824 2102 Casinensis
1858 2069 1965 2102 abbas

1124 2133 1239 2155 mense
1269 2122 1442 2162 Ianuario,
1465 2123 1504 2154 v⁰
1526 2123 1693 2156 uidelicet
1723 2123 1871 2156 Kalend.
1900 2125 1965 2156 Fe-

1123 2175 1253 2209 bruarii
1275 2176 1309 2208 in
1333 2177 1543 2209 monasterio
1567 2177 1667 2209 obiit.

1211 2230 1434 2263 Innocentius
1456 2241 1549 2274 papa
1570 2231 1606 2263 in
1637 2231 1694 2264 die
1724 2237 1843 2264 sancto
1874 2230 1966 2263 Iouis

1214 2372 1254 2399 17.
1274 2367 1366 2391 certus
1385 2367 1476 2391 invect
1496 2367 1527 2391 di
1537 2367 1638 2391 ceteris
1653 2379 1684 2384 —
1699 2373 1740 2399 ²3-
1755 2367 1830 2391 beati
1845 2366 1964 2391 Martini

1124 2412 1355 2436 excommunicat
1373 2418 1471 2436 omnes
1491 2410 1618 2436 fautores
1637 2411 1718 2435 illius
1737 2410 1813 2436 Uol-1.

1071 2559 1191 2584 Annales
1211 2559 1369 2584 Casinenses
1387 2559 1446 2588 cli„
1464 2558 1506 2591 gli
1522 2558 1625 2583 Annali
1639 2558 1774 2582 Genovesi
1786 2558 1816 2582 di
1830 2557 1939 2590 Caffaro
1953 2565 1967 2581 e

1071 2602 1116 2626 dei
1133 2602 1191 2626 suoi
1208 2601 1395 2630 continuatori,
1414 2601 1472 2631 clt.‚
1492 2601 1525 2629 ΙΙ,
1547 2607 1606 2632 119,
1626 2608 1639 2624 e
1658 2600 1699 2632 gli
1720 2600 1840 2624 Annales
1853 2601 1966 2624 Placen—

1072 2644 1125 2668 tini
1148 2644 1242 2677 Guelfi,
1262 2644 1303 2668 M.
1329 2644 1359 2668 G.
1381 2644 1416 2668 H.
1437 2643 1496 2672 SS„
1510 2642 1611 2672 xvm,
1625 2649 1651 2675 p.
1665 2648 1725 2674 4²5-
1763 2640 1967 2670 Quest’ultima

1073 2686 1152 2711 fonte
1171 2686 1234 2710 dice
1259 2687 1334 2710 anzi:
1357 2686 1371 2699 ¹‘
1383 2686 1478 2710 Mense
1498 2685 1610 2717 Aprilis
1630 2684 1727 2716 (Octo)
1746 2684 1859 2708 obsedit
1878 2685 1968 2708 Aver-

1074 2728 1166 2757 “sam,
1186 2735 1281 2752 mense
1300 2728 1397 2752 madio
1417 2727 1547 2751 venienti
1566 2734 1625 2751 eam
1652 2727 1751 2750 habult
1777 2734 1811 2750 ex
1837 2728 1920 2758 pacto
1939 2727 1967 2750 et

1075 2770 1252 2803 “Neapolim
1278 2771 1412 2795 similiter
1438 2769 1541 2794 ibidem
1555 2787 1579 2800 η.
1625 2768 1671 2794 Cf.
1696 2769 1824 2793 Bonum
1848 2775 1913 2798 ecc„
1940 2777 1966 2793 n-

1074 2817 1124 2845 445
1138 2812 1194 2844 ὴ]-

1161 2853 1172 2869 ⁶
1191 2853 1232 2878 La
1252 2855 1339 2878 stessa
1360 2853 1435 2883 data,
1462 2852 1495 2877 28
1521 2859 1583 2884 gen.
1613 2858 1677 2876 ¹2¹1
1704 2850 1718 2876 ὲ
1746 2851 1873 2876 indicata
1899 2859 1967 2886 pure

1074 2897 1273 2921 dall’Anonimo
1294 2896 1439 2924 Cassinese.
1461 2896 1500 2919 M.
1527 2897 1557 2920 G.
1573 2896 1608 2919 II.
1624 2896 1683 2923 SS..
1699 2893 1772 2922 XIX.
1786 2902 1812 2926 p.
1826 2901 1886 2926 3²0·
1913 2894 1966 2918 Nel

1074 2938 1248 2971 Necrologio
1268 2938 1420 2964 Cassineee
1440 2939 1467 2962 la
1487 2939 1578 2962 morte
1597 2939 1625 2962 di
1646 2940 1745 2969 questo
1759 2938 1850 2966 abate,
1871 2938 1900 2961 in
1916 2937 1966 2961 let-

1075 2983 1134 3006 tere
1159 2981 1280 3014 capitali
1306 2988 1372 3005 nere
1397 2988 1428 3005 su
1451 2980 1539 3004 fondo
1565 2979 1654 3009 (Poro,
1680 2978 1694 3004 ὲ
1720 2981 1819 3004 scritta
1840 2981 1917 3004 sotto
1943 2979 1965 3003 11

1074 3023 1177 3055 giorno
1198 3022 1231 3047 28
1250 3031 1326 3055 gen.;
1347 3023 1382 3047 cs.
1403 3023 1567 3052 ΙΝῡυΛΝεΖ,
1586 3026 1626 3052 op.
1646 3022 1701 3050 cit..
1721 3029 1747 3054 p.
1766 3026 1826 3054 417.

2011 239 2086 264 Mum,
2101 244 2121 262 e.
2136 240 2176 265 984

1993 361 2046 381 Otto
2056 360 2157 386 Capuam
2167 360 2199 381 in-

2016 389 2072 410 trae.

1990 575 2123 600 Dyopuldus
2131 574 2200 599 Aqui-

2015 608 2069 622 num
2082 602 2185 622 debellat.

1991 949 2100 974 Neapolis
2113 956 2137 970 se
2150 951 2200 971 red-

2017 977 2077 997 didit
2092 977 2177 999 Otto-ui.

2034 2070 2059 2089 28
2073 2068 2168 2089 ianuarii

1997 2096 2058 2117 Obiit
2067 2096 2150 2116 Petrus
2162 2095 2203 2116 Ca-

2019 2123 2116 2143 sinensis
2126 2122 2201 2143 abbas.

1997 2230 2049 2251 Otto
2076 2235 2204 2250 excommu-

2019 2257 2114 2277 nicatur
2148 2256 2203 2282 quia

2019 2290 2116 2308 regnum
2128 2283 2203 2303 intrat

2018 2310 2204 2336 contraprohibi-

2019 2337 2100 2357 tionem
2111 2339 2177 2363 pape.

2036 2370 2060 2389 ³¹
2076 2364 2159 2385 martii.

1998 2565 2026 2591 15

1995 2778 2029 2796 20

1996 2985 2026 3011 25
