2320 3444
111 218 186 244 Mun„
201 225 233 242 cc.
247 225 333 244 1⁰¹³·¹⁴
354 207 424 244 160

113 659 131 678 C
131 659 234 689 ius'tahjm
259 657 325 677 Caia-

115 1676 207 1706 Obsidio
237 1674 327 1695 Cuiatis

139 1705 249 1725 monilur.

295 2332 326 2349 10

296 2540 324 2566 15

296 2755 330 2772 20

299 2961 329 2987 ²5

812 200 1086 239 RYCCARDI
1117 203 1186 238 DE
1215 200 1427 238 SANCTO
1457 201 1726 239 GERMANO

2027 206 2080 244 [A.
2099 206 2194 243 122⁹]

344 341 455 383 ipsum
478 338 639 371 intestina
662 336 756 369 bella
779 341 963 368 mouerunt
987 335 1022 367 in
1046 335 1188 368 ciuitate
1204 333 1375 378 predicta,
1391 334 1468 373 hiis,
1484 334 1544 378 qui
1567 335 1809 374 iuterfuerunt,
1823 335 1904 368 luce
1926 335 2054 369 clarius
2077 335 2195 368 extitit

347 394 566 426 manifestum
580 393 601 423 ¹.

435 447 593 478 Ceterum
620 444 700 486 quia
723 443 768 475 ad
792 442 909 485 Regni
941 441 1142 480 subsidium,
1166 442 1260 484 quod
1283 447 1321 474 ut
1343 442 1502 484 superius
1531 442 1681 474 diximus
1704 442 1863 475 Romana
1893 442 1945 475 sic
1970 448 2112 485 ceperat
2134 452 2192 476 ec-

347 500 454 532 clesia
478 508 662 539 occupare,
685 496 883 527 necessario
907 495 951 527 de
975 495 1077 538 Syria
1100 495 1204 528 rediit
1228 497 1424 537 Imperator
1435 494 1458 533 ²,
1481 496 1594 528 statim
1620 496 1759 528 nuntios
1781 505 1860 528 suos
1882 495 1977 528 misit
1997 495 2044 528 ad
2065 505 2192 538 papam

346 553 513 595 quosdam
538 551 662 582 fratres
686 550 730 582 de
755 549 858 581 domo
881 548 1167 587 Teutonicorum,
1192 559 1256 591 per
1279 559 1364 592 quos
1387 549 1498 591 ipsius
1522 547 1649 581 habere
1673 548 1819 592 gratiam
1843 548 2026 591 supplicat,
2048 554 2084 581 et
2115 559 2192 582 esse

346 605 438 637 uelle
461 605 506 635 ad
529 614 628 635 suum
653 609 687 635 et
710 601 862 634 ecclesie
886 601 1086 634 mandatum
1110 601 1265 644 exponit.

435 655 574 698 Papalis
602 655 777 687 exercitus
800 654 936 686 firmata
959 653 1142 687 obsidione
1167 665 1271 696 super
1293 655 1463 688 Caiatiam
1488 654 1655 687 machinis
1680 660 1715 687 et
1737 654 1868 687 viribus
1890 655 1961 687 suis
1983 654 2064 686 iiam
2087 653 2194 688 vehe-

348 716 480 742 menter
511 709 711 752 impugnat3
743 714 777 740 et
807 707 889 740 licet
920 707 1172 749 occupauerint
1203 708 1397 746 ciuitatem,
1429 718 1543 740 arcem
1576 713 1691 740 tamen
1722 707 1759 740 ui
1790 717 1918 751 capere
1948 707 2194 751 nequiuerunt,

347 763 414 795 hiis
439 763 499 805 qui
523 768 622 794 erant
645 762 680 793 in
704 772 746 792 ea
769 771 806 792 se
829 771 894 803 pro
918 760 1047 794 cesare
1070 761 1249 793 tuentibus
1272 767 1395 794 contra
1420 760 1504 794 eos.'

441 816 565 848 Mense
588 815 678 847 Iunii
703 815 895 858 Gregorius
918 825 1009 857 papa
1033 814 1213 857 predictus
1236 815 1379 848 fratrem
1411 815 1650 854 Franciscum‚
1674 815 1871 848 innocentis
1893 815 1966 848 uite
1987 815 2110 854 uirum,
2134 815 2195 859 qui
2220 814 2260 848 10
2288 806 2291 810 ”

349 871 527 903 institutor
550 868 681 901 ordinis
703 868 772 900 fuit
795 868 942 900 fratrum
970 866 1155 906 Minorum,
1180 874 1264 911 aput
1286 868 1469 901 Perusium
1496 869 1540 901 de
1571 868 1718 902 fratrum
1749 879 1888 901 suorum
1920 868 2067 902 consilio
2097 867 2197 902 duxit

346 930 541 956 sanctorum
567 921 727 964 catalogo
750 921 994 954 ascribendum
1008 923 1031 959 ³,
1048 922 1216 955 mandans
1238 921 1366 965 ubique
1390 927 1562 954 terrarum
1588 921 1681 955 diem
1705 932 1774 966 quo
1797 922 1871 955 solo
1895 932 2035 956 carnem
2059 928 2095 956 et
2117 921 2194 955 celo

345 979 499 1021 spiritum
523 975 689 1014 reddidit,
712 976 785 1008 1111⁰
807 975 946 1008 scilicet
969 975 1090 1008 Nonas
1113 975 1290 1014 Octobris,
1314 976 1413 1008 annis
1436 976 1582 1020 singulis
1605 977 1832 1019 solempniter
1854 976 2095 1010 excolendum.

434 1032 520 1064 Item
544 1031 738 1073 Imperator
758 1030 833 1071 ipse
856 1039 987 1061 moram
1002 1030 1038 1060 in
1054 1028 1184 1072 Apulia
1206 1030 1353 1068 faciens,
1369 1035 1405 1061 et
1428 1040 1649 1073 congregans
1663 1031 1709 1062 ad
1723 1030 1872 1063 hostium
1889 1030 2008 1074 Regni
2021 1029 2196 1073 repulsam

346 1086 536 1119 exercitum
554 1084 743 1126 copiosum,
766 1093 846 1115 suos
869 1093 932 1125 pro
955 1093 1044 1126 pace
1067 1084 1114 1116 ad
1137 1094 1263 1126 papam
1280 1084 1415 1126 legatos
1437 1083 1540 1123 misit,
1555 1083 1732 1127 Reginum
1754 1083 1923 1117 uidelicet
1946 1088 1983 1116 et
2004 1083 2196 1117 Barensem
2223 1081 2261 1116 15

303 1146 323 1162 ‘-
348 1138 642 1181 archiepiscopos,
665 1146 732 1169 nec
755 1147 826 1169 non
842 1142 877 1168 et
892 1136 1092 1179 magistrum
1116 1137 1238 1169 domus
1261 1137 1538 1170 Teutonicorum
1550 1136 1572 1169 ⁴.
1620 1136 1693 1175 Qui
1717 1137 1886 1170 Caiatiam
1911 1136 2104 1176 uenientes,
2127 1146 2195 1180 que

349 1204 368 1224 a
391 1192 508 1235 papali
531 1190 687 1223 exercitu
710 1190 895 1222 tenebatur
918 1189 1070 1228 obsessa,
1102 1200 1180 1222 cum
1213 1189 1336 1222 litteris
1366 1189 1576 1222 Albanensis
1606 1190 1763 1233 episcopi
1794 1196 1830 1223 et
1860 1189 2047 1223 cardinalis
2075 1195 2197 1223 sancte

349 1245 519 1279 Praxedis
541 1245 587 1276 ad
618 1243 814 1276 Romanam
838 1243 971 1276 curiam
994 1248 1073 1276 sunt
1103 1243 1254 1285 profecti
1270 1243 1291 1275 ⁵.

1340 1242 1412 1280 Qui
1445 1253 1522 1276 cum
1553 1243 1589 1275 in
1620 1243 1715 1276 nullo
1746 1244 1974 1286 profecerint,
2004 1243 2197 1277 redierunt.

347 1300 449 1332 Tunc
472 1300 509 1331 in
533 1298 658 1331 Gaieta
688 1308 752 1340 per
782 1307 909 1339 papam
940 1303 1093 1339 potestas
1125 1297 1348 1329 constituitur
1377 1297 1551 1329 Iohannes
1583 1298 1626 1329 de
1650 1297 1772 1330 Iudice
1804 1297 1892 1330 ciuis
1914 1296 2119 1341 Anagninus
2150 1297 2196 1330 ad

346 1353 550 1396 petitionem
574 1351 823 1384 Gaietanorum
834 1350 857 1383 ⁸.
903 1350 1006 1383 Tunc
1030 1350 1135 1383 etiam
1159 1349 1357 1383 Adenulfus
1381 1351 1426 1383 de
1449 1351 1592 1394 Aquino
1615 1351 1705 1383 filius
1727 1350 1939 1383 Acerrarum
1962 1349 2097 1384 comitis
2119 1349 2197 1384 Ati-
2218 1351 2261 1383 20
2292 1356 2295 1358 “

346 1418 428 1439 num
451 1405 574 1448 recipit
596 1405 812 1447 Imperatore
836 1404 1034 1444 mandante,
1058 1409 1092 1437 et
1115 1403 1297 1447 Philippus
1319 1403 1365 1436 de
1387 1403 1529 1446 Aquino
1553 1404 1678 1446 recipit
1701 1411 1853 1437 castrum
1876 1404 1979 1438 Celii.

436 1459 629 1502 Imperator
651 1468 731 1490 cum
754 1468 859 1490 cruce
882 1457 1094 1500 signatorum
1118 1457 1276 1489 exercitu
1299 1462 1423 1490 contra
1447 1457 1644 1500 clauigeros
1666 1457 1784 1490 hostes
1807 1463 1974 1501 properat
1996 1457 2033 1490 in
2047 1457 2195 1491 Terram

348 1514 493 1547 Laboris
505 1513 527 1545 ⁷.

349 1579 412 1611 pro
435 1567 615 1610 stipendiis
639 1567 810 1599 exercitus
834 1566 880 1599 ad
902 1576 1028 1608 papam
1052 1565 1161 1598 uadit.

573 1513 676 1545 Tunc
700 1512 861 1544 dominus
884 1512 1057 1544 Iohannes
1080 1511 1124 1544 de
1148 1511 1345 1554 Columpna
1369 1511 1559 1545 cardinalis
1587 1511 1651 1544 sub
1681 1511 1799 1554 specie
1829 1511 2016 1544 afferende
2047 1511 2198 1555 pecunie

438 1621 603 1664 Pelagius
626 1619 837 1652 Albanensis
859 1619 1046 1662 episcopus
1069 1625 1104 1652 et
1126 1630 1189 1652 rex
1215 1619 1391 1662 quondam
1415 1619 1744 1658 Iherosolimitanus‚
1759 1618 1901 1663 cognito
1917 1619 2012 1663 quod
2034 1624 2200 1652 uenturus
2221 1618 2263 1652 25
2296 1650 2299 1651 γ

351 1682 424 1708 erat
448 1675 602 1717 Capuam
627 1674 831 1716 Imperator,
856 1677 959 1715 rupta
989 1673 1172 1706 obsidione
1200 1678 1235 1705 et
1257 1672 1437 1705 combusta
1460 1673 1622 1705 machina
1645 1683 1713 1717 que
1736 1673 1840 1717 vulgo
1865 1672 1980 1706 dictur
2001 1671 2199 1706 trebucoet-

350 1733 423 1761 tum
435 1726 458 1767 ⁸,
481 1727 574 1770 quod
597 1725 713 1758 multis
736 1725 929 1768 sumptibus
952 1725 1122 1764 fecerant,
1147 1725 1303 1757 Teanum
1328 1734 1365 1757 se
1396 1725 1595 1764 conferunt,
1626 1724 1686 1757 ubi
1715 1735 1787 1757 non
1809 1724 1942 1769 absque
1964 1724 2087 1759 timore
2119 1735 2198 1758 suas

350 1783 444 1815 acies
467 1785 599 1824 ponunt
622 1790 643 1811 a
666 1778 803 1811 Caiatia
826 1778 1084 1812 discendentes.

440 1902 465 1926 4.
484 1894 560 1918 Slria
580 1892 656 1918 Uen.
677 1902 690 1917 e
708 1892 806 1917 Panrz
825 1906 858 1911 -
878 1898 903 1925 7.
923 1899 1008 1924 supra
1027 1891 1104 1916 Uen.
1123 1900 1137 1916 e
1156 1891 1220 1916 DEL
1238 1891 1282 1916 Ra
1301 1905 1334 1910 —
1354 1891 1379 1916 8.
1399 1893 1642 1925 impugnant...-

354 1936 396 1962 26.
415 1937 607 1962 trebuvettum
627 1934 704 1960 Uou.
724 1943 738 1959 e
756 1934 819 1959 Dur.
837 1934 882 1959 Ra

352 2025 397 2049 del
423 2023 456 2049 26
477 2023 526 2053 ΙΙΙ,
548 2030 616 2056 1229
634 2022 771 2047 Federico
791 2022 908 2047 sarebbe
929 2023 1043 2047 entrato
1070 2023 1098 2046 in
1125 2021 1247 2046 Gerusa-

352 2068 452 2091 lemme
471 2066 493 2090 ii
513 2066 613 2090 sabato
636 2071 666 2097 17
685 2064 734 2094 111,
752 2072 767 2089 e
787 2065 808 2089 il
829 2066 934 2097 giorno
954 2065 1031 2096 dopo
1051 2064 1129 2088 nella
1154 2064 1249 2089 chiesa

352 2110 398 2134 dei
417 2109 444 2133 S.
463 2108 600 2142 Sepolcro
620 2108 741 2133 avrebbe
760 2108 880 2132 assunto
900 2107 922 2132 ii
942 2107 1075 2132 diadema
1096 2107 1127 2131 di
1148 2114 1187 2131 re.
1224 2106 1249 2131 11

351 2153 498 2177 PatrIarca
517 2153 579 2176 tace
598 2149 666 2184 pero
685 2151 713 2175 la
732 2152 899 2175 scomunica
919 2151 969 2175 che
989 2150 1047 2183 egli
1073 2151 1164 2175 stesso
1191 2151 1250 2174 fece

352 2195 446 2220 indire
466 2196 567 2219 contro
584 2195 778 2226 l’irnperatore
798 2195 828 2218 in
848 2195 925 2218 tutta
945 2193 972 2218 la
992 2193 1148 2223 Palestina,
1169 2202 1183 2218 e
1203 2193 1250 2218 nel

353 2238 504 2262 medesimo
523 2238 628 2269 giorno
649 2238 679 2260 in
700 2236 913 2260 Gerusaiemme
933 2235 1101 2260 dall'Arciv.
1121 2236 1149 2260 di
1166 2234 1249 2260 Cesa-

353 2287 407 2312 rea,
428 2287 506 2304 come
525 2281 549 2303 si
571 2280 651 2312 legge
670 2280 747 2304 neila
766 2279 868 2303 lettera
888 2279 1023 2303 mandata
1043 2279 1079 2303 da
1104 2278 1250 2303 Ermanno

353 2322 380 2346 di
402 2322 495 2346 Saltz:
516 2322 551 2346 cf.
571 2321 766 2351 Ronsusaus,
785 2321 808 2351 1,
822 2328 848 2344 n.
862 2320 914 2353 383
929 2328 943 2344 e
957 2319 1016 2352 384,
1032 2328 1079 2352 pp.
1095 2327 1146 2353 299
1161 2328 1175 2345 e
1190 2327 1249 2352 303.

442 2363 450 2380 ¹
470 2365 501 2388 In
522 2365 622 2388 Aecon
643 2364 779 2388 Federico
800 2363 830 2388 fu
852 2363 872 2387 ii
887 2368 919 2394 25
936 2369 1041 2387 marzo.
1067 2362 1090 2386 11
1103 2362 1251 2387 Patriarea

354 2407 400 2431 nel
419 2406 554 2430 riferirne
566 2413 583 2430 a
598 2405 741 2437 Gregorio
755 2405 804 2435 IX,
818 2404 991 2437 sogglunge:
1009 2404 1022 2417 ‘⁴
1033 2404 1144 2429 Milites
1159 2403 1251 2429 Theu-

354 2450 541 2474 “tonicorum
561 2455 654 2472 secum
673 2448 786 2472 trahere
806 2447 973 2475 conabatur.
994 2447 1041 2471 sed
1063 2448 1091 2471 in
1105 2447 1158 2471 hac
1172 2449 1252 2479 parte

355 2490 366 2502 ¹⁴
380 2490 514 2523 proficere
534 2498 591 2514 non
612 2491 736 2522 poterat,
756 2490 842 2521 prout
861 2488 943 2518 velle,
962 2496 1025 2513 cum
1044 2490 1179 2513 timerent
1205 2497 1250 2513 ex-

356 2533 369 2546 “
380 2533 654 2557 communicationis
674 2533 846 2556 sententiam
865 2533 893 2556 et
912 2532 946 2556 de
959 2531 1022 2563 ipso
1037 2538 1169 2563 magnam
1183 2531 1252 2556 fidu—

356 2574 453 2599 “ciam
475 2583 532 2599 non
553 2575 730 2607 haberent,;
750 2574 946 2602 RonimmzRo,
965 2573 986 2604 1,
1007 2581 1034 2605 p.
1054 2580 1116 2606 304.

442 2615 453 2632 ²
474 2617 514 2641 Fu
535 2625 549 2641 a
569 2617 698 2641 Brindisi
718 2617 741 2640 ii
765 2623 796 2640 10
810 2615 856 2644 VI,
871 2616 996 2640 secondo
1011 2615 1171 2641 Gxovsmm
1186 2616 1251 2640 vn.-

355 2666 435 2691 LAm,
458 2660 596 2690 Croniche,
616 2659 727 2683 Trieste
750 2658 825 2691 1857,
845 2657 877 2683 L.
896 2657 920 2689 6,
948 2666 971 2682 c.
1001 2658 1040 2688 18,
1066 2666 1092 2690 p.
1119 2658 1162 2686 81.
1185 2665 1253 2682 con

355 2702 423 2726 due
451 2703 574 2734 galee,
603 2710 618 2726 e
647 2709 769 2726 venne
798 2701 831 2726 al
862 2701 1031 2726 castello
1061 2700 1254 2725 d'Ascone

356 2743 539 2776 (Astone)
565 2745 602 2768 in
629 2744 781 2777 Puglia3
810 2744 884 2768 forse
903 2742 925 2768 il
946 2743 1077 2768 Castello
1096 2742 1125 2767 di
1147 2742 1253 2767 Ostuni

356 2788 386 2811 in
405 2787 492 2812 Terra
512 2787 678 2812 d’Otranto.

445 2827 455 2843 ³
475 2828 515 2853 La
535 2829 779 2853 canonizzazione
801 2829 830 2853 fu
850 2828 924 2853 satta
945 2828 965 2852 il
989 2826 1020 2853 16
1040 2827 1100 2856 v11,
1124 2834 1199 2859 1229.

445 2870 455 2886 ⁴
468 2870 568 2895 Lando
582 2872 669 2895 arciv.
683 2871 710 2895 di
725 2871 844 2904 Reggio‚
858 2870 973 2895 MarIno
986 2871 1074 2895 arciv.
1088 2870 1119 2894 dl
1134 2871 1207 2899 Bari,
1221 2870 1255 2894 ed

358 2914 500 2937 Ermanno
522 2915 644 2938 maestro
665 2913 710 2937 dei
731 2914 902 2942 Teutonici:
924 2913 968 2937 val
987 2914 1096 2944 quanto
1115 2919 1132 2936 a
1146 2912 1208 2937 dire
1229 2913 1256 2936 la

359 2955 507 2978 medesima
529 2956 673 2987 iegazione
694 2956 827 2980 mandata
846 2955 1089 2988 dall'imperatore
1108 2955 1144 2978 da
1158 2954 1256 2979 Accon

358 2997 386 3020 al
407 3005 480 3030 papa
502 2998 546 3021 nel
571 3005 636 3021 nov.
659 2998 740 3028 12283
761 2998 795 3022 cf.
819 2998 990 3022 Continuatio
1010 2997 1179 3022 Gonnum
1200 2998 1256 3021 Tv-

1669 1893 1840 1924 nequierunt
1865 1891 1942 1917 Uen.
1967 1901 1982 1916 c
2006 1892 2070 1917 Dar.
2092 1890 2139 1919 R:
2162 1906 2196 1912 —

1303 2027 1415 2053 Rssusxs,
1428 2022 1470 2047 ed.
1484 2021 1602 2048 szor
1615 2023 1645 2047 in
1660 2023 1775 2048 Recueil
1785 2024 1832 2048 des
1844 2023 1985 2049 historiens
1997 2023 2044 2048 des
2056 2023 2200 2054 croisades,

1303 2064 1377 2097 xlx,
1398 2064 1553 2090 ffl’storn'ens
1571 2066 1750 2094 occidentaux,
1770 2067 1848 2090 tomo
1867 2066 1889 2097 1,
1903 2067 1993 2095 Paris,
2008 2065 2084 2099 1844,
2098 2073 2126 2099 p.
2137 2065 2201 2099 418.

1391 2105 1402 2122 ⁵
1420 2106 1539 2139 Pelagio
1559 2115 1632 2132 vesc.
1659 2108 1688 2132 di
1715 2108 1830 2133 Albano
1856 2116 1870 2133 e
1897 2108 2047 2134 Giovanni
2071 2108 2112 2133 de
2137 2107 2200 2134 Co-

1303 2149 1456 2181 lumpna
1475 2150 1604 2174 cardinal
1624 2150 1655 2174 di
1674 2150 1701 2175 S.
1720 2150 1864 2182 Prassede,
1885 2151 1916 2175 di
1934 2152 1979 2175 cui
1999 2150 2082 2184 pari·
2100 2151 2132 2176 ln
2155 2157 2197 2176 se·

1303 2192 1387 2223 guito
1407 2191 1436 2215 lo
1456 2193 1546 2216 stesso
1567 2191 1714 2218 Cronista.

1392 2232 1403 2249 ⁸
1419 2233 1514 2258 Molto
1527 2235 1758 2267 probabilmente
1770 2237 1872 2267 questo
1885 2234 2035 2260 Giovanni
2048 2235 2082 2260 de
2097 2234 2200 2261 Giudi-

1303 2283 1332 2300 ce
1347 2276 1493 2308 d’Anagni
1508 2276 1679 2301 s’identltica
1694 2277 1912 2302 coil'omonimo
1927 2278 1977 2302 che
1991 2277 2116 2303 nen'ott.
2132 2277 2201 2311 1238

1302 2320 1448 2343 troviamo
1462 2321 1595 2344 senatore
1610 2319 1684 2344 nella
1698 2322 1787 2345 stessa
1800 2320 1932 2353 Anagni;
1946 2321 2083 2352 ΒδΗΜκι,
2096 2325 2166 2354 7214
2175 2329 2201 2346 a.

1304 2351 1325 2385 ii:
1345 2368 1360 2384 a
1380 2361 1525 2385 rIcordare
1543 2362 1595 2386 che
1614 2362 1636 2386 il
1656 2370 1731 2395 papa
1750 2363 1916 2388 concedette
1935 2371 1951 2388 a
1965 2362 2055 2388 Gaetu.
2068 2363 2095 2388 le
2113 2364 2202 2388 stem

1305 2401 1457 2427 immunita
1476 2411 1490 2427 e
1510 2404 1648 2437 privilegi
1666 2405 1769 2438 goduti
1789 2405 1866 2438 dagli
1881 2405 2031 2438 Anagnini
2051 2412 2104 2430 con
2117 2405 2200 2430 bolla

1305 2445 1350 2469 dei
1372 2452 1385 2469 2
1407 2445 1453 2474 v1,
1477 2452 1559 2478 ¹²²9³
1579 2446 1614 2470 cf.
1634 2445 1829 2478 Romanusne,
1848 2447 1869 2478 Ι,
1889 2455 1916 2472 n.
1936 2454 1995 2480 394.
2014 2454 2042 2480 p.
2060 2453 2111 2479 311
2133 2454 2202 2480 esg.

1394 2486 1404 2503 ⁷
1424 2488 1633 2521 L’imperatore
1652 2489 1684 2514 su
1703 2490 1792 2514 anche
1818 2497 1834 2514 a
1858 2490 1968 2522 Foggin
1993 2489 2106 2522 nell'sg.
2133 2495 2204 2523 1229

1306 2538 1385 2556 come
1405 2531 1429 2555 si
1449 2531 1563 2556 desume
1581 2532 1615 2557 da
1635 2540 1672 2557 un
1693 2533 1830 2558 mandato
1848 2540 1863 2557 e
1881 2533 1917 2557 da
1936 2540 1974 2557 un
1995 2532 2153 2566 prlvllegio
2172 2532 2204 2557 dt

1306 2573 1357 2603 lui,
1377 2574 1464 2598 editi:
1485 2574 1563 2599 l’uno
1582 2574 1618 2599 da
1638 2574 1672 2600 G.
1685 2575 1842 2606 PAoLuccx,
1858 2575 1886 2599 ll
1896 2575 2073 2600 Parlamento
2086 2575 2117 2600 di
2128 2575 2204 2608 Fag-

1303 2617 1357 2648 gia
1376 2618 1422 2641 del
1439 2625 1515 2648 1240,
1538 2618 1597 2647 cit„
1623 2625 1650 2650 p.
1674 2623 1717 2650 37,
1744 2625 1759 2642 e
1784 2618 1880 2642 l'altro
1905 2618 1940 2642 da
1965 2617 2204 2642 Scaurum-Box-

1306 2665 1425 2690 οηοκετ,
1442 2660 1502 2683 Das
1521 2660 1615 2684 (ie-«etz
1632 2660 1733 2685 Kasser
1746 2660 1912 2684 Fn'edrich’s
1927 2660 1967 2685 ΙΙ.
2003 2661 2048 2685 De
2060 2660 2204 2693 resignan-

1306 2702 1349 2725 dis
1364 2701 1539 2733 privilegiis,
1560 2702 1619 2732 cit„
1638 2710 1664 2735 p.
1685 2701 1720 2727 26
1737 2709 1752 2726 e
1772 2709 1812 2734 sg.
1850 2700 1960 2730 Questo
1980 2702 2148 2735 privilegio,
2167 2701 2202 2726 da

1306 2750 1350 2767 me
1369 2744 1553 2768 eomunieato
1574 2743 1633 2768 alio
1652 2743 1950 2773 Scheffer-Boichorst,
1968 2743 2043 2769 servi
2057 2751 2074 2769 a
2086 2751 2204 2776 prevar-

1306 2785 1347 2817 gli
1369 2785 1419 2809 che
1436 2785 1632 2817 l'lmperatore
1652 2787 1681 2810 in
1701 2786 1766 2818 quel
1787 2787 1883 2818 tempo
1902 2793 1950 2810 era
1969 2794 1985 2810 a
2005 2787 2123 2819 Foggia,
2143 2793 2203 2811 non

1307 2828 1335 2852 la
1355 2828 1417 2852 sola
1431 2827 1519 2852 Curia
1533 2829 1584 2852 che
1597 2829 1751 2853 rilascIava
1771 2829 1778 2852 i
1800 2828 1932 2861 diplomi,
1952 2837 2031 2854 come
2043 2829 2100 2862 egli
2113 2830 2204 2854 :tenso

1307 2877 1397 2894 aveva
1416 2872 1538 2903 pensato
1558 2878 1608 2903 per
1628 2871 1788 2896 accordarsi
1807 2870 1883 2895 colia
1903 2872 1956 2895 tesi
1972 2871 2048 2896 dello
2062 2870 2202 2901 Cherrier.

1308 2920 1322 2936 e
1342 2913 1478 2944 ΒόΗΜΕκ,
1499 2921 1547 2938 ηη.
1571 2914 1646 2944 1761,
1669 2912 1734 2944 1762
1757 2921 1770 2937 e
1793 2913 1858 2945 1762
1871 2922 1895 2938 a.

1396 2953 1407 2970 ⁸
1429 2956 1532 2980 Donde
1557 2956 1579 2980 il
1607 2956 1722 2988 volgare
1747 2956 1956 2986 trabocchetto,
1982 2956 2129 2980 macchina
2155 2963 2205 2988 per

1309 2997 1480 3022 rovesciare.

2226 2152 2263 2179 30

2229 2368 2262 2397 3⁵

2231 2792 2263 2820 4⁵

2234 3003 2268 3030 50
