2320 3444
120 244 194 267 Μυι..
212 249 234 266 c.
252 249 302 268 ¹0⁴³
345 233 418 268 202

169 533 250 552 &43⁰

291 2512 321 2538 25

2006 228 2060 263 [A.
2081 228 2174 264 12:391

799 226 1073 262 RYCCARDI
1103 225 1172 260 DE
1200 224 1410 260 SANCTO
1439 222 1705 259 GERMANO

428 362 541 394 Rome
565 358 691 392 occidit
714 357 815 390 turris
837 354 1142 389 Cartolariorum¹.

429 413 549 446 Mense
572 411 716 453 Augusti
747 421 809 442 rex
839 409 995 442 Nauarre
1027 419 1103 441 cum
1137 409 1281 450 copioso
1312 405 1655 451 crucesignatorum¹
1686 405 1841 438 exercitu
1871 405 1917 438 de
1948 405 2108 467 Massilia
2137 406 2173 439 in

341 468 485 500 Terram
509 471 660 497 sanctam
684 463 822 505 nauigio
846 461 1064 494 transfetat'.

355 2975 414 2997 LES,
433 2969 467 3000 V,
485 2969 581 3001 367-93
601 2971 734 3001 Romana,
754 2980 781 2996 n.
801 2971 909 3005 2463-4.

440 3009 450 3027 ⁴
471 3018 503 3043 ¹9
522 3014 623 3043 agusto
641 3013 802 3038 ricorrenza
826 3015 901 3039 della
928 3015 997 3039 festa
1017 3015 1046 3039 di
1067 3023 1116 3040 san
1137 3016 1242 3048 Magno

1297 2975 1418 3006 “itaque
1437 2975 1495 3000 hiis
1515 2977 1647 3000 omnibus
1667 2976 1791 3000 feliciter
1809 2975 1893 3005 actis,
1913 2983 1946 2999 ne
1965 2976 2112 3000 Placentia
2131 2975 2186 2999 ini-

1297 3015 1310 3029 α
1321 3018 1441 3049 quitatis
1461 3017 1520 3042 filia
1538 3019 1683 3043 tantarum
1702 3018 1921 3051 oppressionum
1935 3017 2020 3042 malis
2033 3019 2188 3042 remaneret

432 520 515 552 Item
538 518 723 559 imperator
745 517 822 558 ipso
846 525 963 547 mense
988 515 1136 558 Augusti
1158 515 1193 546 in
1217 514 1336 557 uigilia
1359 513 1601 555 assumptionis
1623 512 1726 544 beate
1750 511 1931 556 Uirginis
1921 522 1956 544 m
1971 511 2175 556 episcopatu

341 571 549 605 Bononiensi
573 571 666 612 cepit
690 576 837 602 castrum
861 569 955 611 quod
980 569 1159 601 dicebatur
1182 567 1394 610 Crepacore,
1417 567 1513 610 quod
1536 566 1616 609 igne
1641 571 1830 598 crematum
1854 571 1926 604 est3
1949 571 1984 599 et
2013 565 2196 599 nonnulli·
2227 573 2242 609 J
2299 594 2301 615 3

341 636 458 658 eorum
479 624 537 667 qui
560 624 652 655 intus
673 627 850 660 steterant,
873 627 1067 661 euaserunt,
1091 627 1125 653 et
1148 631 1212 662 pro
1235 621 1359 653 maiori
1382 626 1480 662 parte
1503 625 1582 651 sunt
1603 618 1762 651 nonnulli
1787 618 1919 662 captiui
1931 619 1955 652 ⁸.
2236 646 2249 668 ,ᾖ

428 677 522 720 Aput
546 676 739 719 Anagniam
763 675 915 707 Thomas
930 675 1117 717 Capuanus
1140 674 1268 707 Sancte
1292 673 1422 707 Sabine
1445 673 1628 716 presbyter
1651 672 1839 706 cardinalis
1861 682 1912 706 xv
1933 672 2003 706 kal·
2019 673 2177 717 Septem·
2223 705 2226 708 ,

344 733 413 765 bris
435 730 561 767 obiit⁴;
586 740 719 762 uersus:

804 791 848 823 In
861 791 958 835 festo
983 790 1117 833 Magni
1127 789 1260 832 festum
1281 789 1286 831 Ι
1311 789 1458 822 Thomas
1477 789 1574 833 perit
1596 788 1701 831 Agm'
2236 817 2238 819 ,

804 845 963 877 Donatur
987 845 1123 886 Magno
1146 843 1151 885 Ι
1169 854 1250 876 caro
1272 843 1437 879 marcida.
1459 843 1606 886 spiritus
1627 841 1744 885 Agno.
1918 861 1921 864 -
2200 836 2257 879 1*

427 956 561 988 Eodem
585 963 702 986 mense
726 953 872 996 Augusti
895 952 1066 985 Henricus
1091 952 1134 984 de
1157 950 1276 983 Morta
1301 950 1471 994 Magister
1494 950 1699 983 iustitiarius
1721 956 1866 983 uocatus
1889 950 1934 984 ab
1949 950 2177 994 Imperatore,

341 1010 385 1043 ad
409 1010 520 1052 ipsum
543 1009 579 1040 in
602 1007 846 1040 Lombardiam
870 1017 931 1049 per
954 1016 1048 1038 mare
1072 1005 1177 1038 uadit.
1217 1006 1408 1053 Imperator
1430 1010 1615 1037 reuocatus
1637 1015 1659 1037 a
1680 1004 1881 1037 ciuitatibus
1904 1010 1939 1038 et
1960 1003 2179 1049 magnatibus

343 1061 552 1095 Lombardie
576 1066 708 1104 partem
731 1071 826 1092 suam
849 1059 1058 1100 fouentibus,
1083 1059 1224 1091 diuertit
1246 1058 1290 1090 ab
1314 1058 1517 1100 episcopatu
1539 1063 1574 1090 et
1598 1057 1870 1100 depopulatione
1894 1057 2067 1098 Bononio,-
2081 1057 2179 1091 etad
2219 1098 2240 1104 ,ᾗ
2310 1092 2311 1106 ἶ

340 1115 621 1158 depopulandum
643 1114 679 1146 in
701 1112 930 1146 exterioribus
952 1112 1189 1145 Mediolanum
1214 1111 1367 1149 accedit;
1392 1111 1448 1143 cui
1479 1110 1765 1144 Mediolanenses
1795 1117 1894 1144 extra
1920 1110 2095 1144 civitatem
2115 1120 2181 1155 per
2230 1118 2234 1120 ·
2310 1111 2312 1152 ᾗ»

341 1174 420 1202 octo
443 1169 519 1200 fere
542 1167 704 1200 milliaria
727 1166 847 1199 obuios
870 1177 906 1198 se
929 1164 1143 1208 opponunt⁵.
1191 1165 1383 1207 Imperator
1408 1171 1537 1203 tamen,
1561 1174 1640 1196 cum
1662 1164 1830 1197 inuadere
1853 1163 1947 1207 ipsos
1970 1173 2040 1198 non
2061 1169 2180 1207 posset
2204 1155 2257 1215 15}¹
2311 1181 2313 1204 3

341 1228 400 1254 aut
421 1221 540 1254 facere
570 1221 606 1253 in
638 1231 697 1253 eos
726 1220 896 1258 insultum,
926 1229 1057 1251 moram
1080 1219 1285 1261 protrahens
1308 1218 1343 1250 in
1367 1218 1570 1260 episcopatu
1601 1216 1858 1250 Mediolanensi
1887 1228 1953 1260 per
1983 1218 2071 1251 duos
2100 1217 2178 1250 fere
2247 1227 2263 1232 ’

343 1285 488 1312 menses,
512 1273 724 1317 Septembris
747 1273 858 1305 silicet
889 1279 923 1305 et
952 1272 1126 1311 Octobris,
1157 1277 1192 1304 et
1222 1271 1496 1314 depopulatione
1526 1271 1622 1303 facta
1645 1281 1717 1303 non
1745 1270 1882 1303 modica
1903 1271 1940 1303 in
1963 1269 2179 1309 extrinsecis,
2239 1266 2242 1268 ⁷

343 1327 500 1361 discessit
524 1328 567 1360 ab
590 1327 672 1360 inde
696 1333 730 1358 et
753 1327 798 1359 ad
820 1326 1092 1359 deuastationem
1116 1325 1232 1368 pontis
1255 1324 1434 1358 Placentie
1458 1334 1536 1356 cum
1562 1324 1718 1357 exercitu
1740 1334 1802 1357 suo
1825 1324 1963 1358 accedit
1974 1323 1997 1357 ⁶.

434 1448 456 1466 x.
476 1440 584 1466 occidit
598 1444 652 1471 per
670 1439 775 1464 cecidit
794 1453 804 1458 -
824 1438 1061 1464 Cartellariorum
1081 1438 1165 1467 Uen„
1185 1438 1247 1463 Dan
1265 1439 1308 1463 Ra·
1327 1452 1359 1456 —
1380 1446 1405 1470 4.
1422 1438 1456 1463 In
1476 1437 1581 1471 vigilia
1601 1437 1631 1462 B.
1649 1437 1741 1462 Marie
1758 1437 1918 1472 Imperator
1942 1436 2029 1466 Uen..
2047 1436 2112 1463 Du.
2129 1436 2174 1462 Rs
2242 1435 2268 1472 '-

347 1497 379 1502 -
394 1488 417 1515 5.
431 1485 552 1508 castrum
566 1481 716 1516 Crepacor.
735 1482 820 1511 Uen„
840 1482 901 1506 Dar,
919 1481 964 1505 Ra
984 1495 1015 1500 —
1035 1480 1059 1506 6.
1080 1482 1160 1513 parte
1179 1482 1246 1505 sunt
1272 1481 1348 1505 ducti
1374 1481 1486 1512 captivi
1513 1479 1596 1511 Uen„
1617 1480 1681 1505 Dm,
1698 1481 1751 1510 Ra,
1769 1479 1876 1511 Palu-z,
1895 1478 1994 1504 Gtmn.
2011 1491 2046 1498 —-
2065 1478 2090 1504 8.
2110 1479 2180 1504 Inde
2250 1474 2254 1505 '.

310 1530 312 1532 '
346 1520 442 1550 versus
465 1525 550 1556 Uen„
576 1524 638 1549 Dan
662 1524 720 1554 Rag
741 1531 851 1549 versus:
871 1524 903 1548 In
923 1524 1068 1550 sesto....
1088 1524 1173 1556 Agno
1198 1524 1293 1548 scritto
1315 1524 1346 1548 al
1362 1523 1488 1555 margine
1512 1526 1616 1547 esterno
1635 1531 1682 1547 con
1706 1523 1835 1548 richiamo
1856 1523 1920 1548 Coa.
1939 1536 1971 1541 —
1993 1526 2034 1554 17.
2053 1521 2177 1555 Septem·

345 1569 403 1592 bris
422 1569 450 1592 et
468 1567 602 1592 Octobris
621 1567 697 1591 Ueri.
2249 1575 2266 1599 3,

282 1663 284 1665 '
302 1671 316 1698 5
345 1664 358 1677 ‘⁴
371 1665 501 1690 ducentis
513 1664 656 1689 militibus
668 1664 788 1697 Reginis
800 1666 828 1689 et
842 1664 920 1688 mille
935 1664 1079 1697 peditibus
1092 1664 1125 1688 de
1139 1671 1232 1688 mense
1287 1670 1409 1688 vescovo
1428 1662 1621 1695 d’Avignone.
1656 1662 1710 1687 Nel
1729 1662 1905 1694 NecroIogio
1924 1662 2084 1693 CassInese,
2108 1661 2182 1688 Cod.
2242 1647 2269 1682 s-

347 1705 438 1731 “iulii
459 1707 572 1738 augusti
597 1707 773 1738 septembris.
809 1707 846 1731 Et
870 1713 903 1731 ea
927 1708 1021 1731 castra
1045 1707 1230 1737 destruxit„;
1286 1711 1329 1737 47,
1348 1706 1371 1730 il
1391 1713 1474 1730 nome
1493 1706 1523 1730 di
1543 1706 1583 1730 lui
1605 1707 1627 1730 si
1647 1706 1729 1738 legge
1748 1705 1774 1730 al
1790 1711 1820 1729 ιι
1835 1705 1865 1729 di
1878 1706 1990 1738 agosto,
2003 1705 2035 1730 in
2047 1704 2183 1730 caratterl
2235 1716 2274 1741 x'}

345 1749 505 1774 Memoriale
525 1749 691 1773 Potestatum
711 1749 895 1781 Regiensium,
916 1750 947 1772 in
967 1749 1138 1778 Momm-om,
1158 1748 1232 1778 VIII,
1286 1745 1337 1781 piu
1354 1748 1460 1781 grandi
1480 1748 1557 1781 degli
1576 1748 1656 1773 altri.
2207 1748 2263 1789 4οζι

346 1799 373 1823 p.
394 1798 469 1815 1110.
495 1790 544 1815 “..
556 1807 579 1815 ..
598 1791 632 1815 de
651 1791 679 1815 la
704 1791 807 1823 vigilla
832 1791 861 1815 di
881 1798 939 1815 sam
964 1791 1062 1815 Pletro
1081 1791 1115 1815 de
1139 1798 1233 1822 zugno
1374 1789 1385 1806 ⁵
1402 1791 1486 1815 Nelle
1504 1791 1629 1823 epistole
1648 1791 1676 1815 ai
1695 1792 1758 1816 suoi
1779 1790 1863 1815 fedeli
1883 1790 1913 1815 di
1933 1789 2068 1820 Vercelll,
2086 1790 2146 1820 eit..
2166 1795 2183 1815 e
2256 1797 2260 1802 “

348 1834 421 1866 “per
443 1834 501 1858 fino
523 1841 538 1858 a
557 1835 638 1858 santa
657 1834 748 1858 Maria
767 1834 798 1858 di
817 1841 914 1858 mezzo
933 1835 1035 1866 agosto
1054 1833 1110 1866 (ag.
1133 1835 1184 1865 15),
1203 1835 1232 1858 lo
1286 1833 1314 1857 al
1334 1840 1363 1857 re
1382 1833 1412 1858 di
1433 1833 1577 1865 Castiglia
1597 1833 1672 1858 della
1692 1833 1817 1858 seconda
1835 1831 1910 1858 meti
1928 1831 2060 1866 d‘agosto
2074 1831 2182 1865 l’impc-
2256 1829 2277 1866 ᾗ

288 1882 319 1899 10
348 1877 547 1908 “imperadore
571 1877 709 1909 Federigo
735 1876 777 1902 ste
796 1878 826 1901 in
853 1877 964 1901 assedio
990 1877 1033 1901 dei
1060 1877 1177 1902 castello
1202 1877 1232 1901 di
1286 1877 1381 1900 ratore
1399 1874 1547 1900 annuncio
1567 1876 1632 1901 chet
1655 1875 1731 1900 “nos
1750 1876 1859 1901 die....
1887 1875 2020 1900 felicibus
2045 1874 2183 1908 auspiciis

347 1918 522 1944 “Plumazzo
546 1927 561 1944 e
580 1919 610 1944 di
627 1918 819 1944 Crevalchore
836 1927 851 1944 e
870 1920 971 1951 preseli
991 1927 1044 1944 con
1064 1919 1163 1951 fuogo,
1183 1921 1233 1944 im·
1289 1918 1405 1943 “castra
1431 1918 1619 1947 movebimus,
1650 1918 1687 1942 ad
1717 1919 1922 1943 conferendum
1953 1918 2040 1950 caput
2066 1916 2183 1950 perfidie

348 1961 360 1973 ³
372 1959 509 1993 pei-zuche
528 1969 585 1986 non
605 1969 691 1986 erano
710 1961 852 1986 cerchiadi
873 1963 969 1985 noma’
987 1962 1020 1985 de
1033 1961 1233 1993 paiancado„;
1289 1959 1511 1985 “Mediolanum
1529 1961 1678 1985 civitatem
1698 1962 1727 1986 et
1745 1961 1780 1985 ad
1801 1960 1981 1986 liberandum
1999 1967 2099 1984 omnes
2117 1959 2183 1984 flde-
2209 1961 2274 1991 45²

350 2003 450 2034 Corpus
469 2004 656 2028 chronicorum
675 2004 888 2034 Bononiensium,
901 2004 943 2028 ed.
957 2004 1108 2033 Sonam-u.
1122 2005 1152 2028 in
1172 2004 1232 2028 Mu·
1290 2003 1354 2028 “les
1374 2005 1489 2028 nostros
1510 2006 1648 2036 perpetuo
1673 2011 1688 2028 a
1713 2004 1854 2028 morsibus
1879 2002 2043 2028 eorumdem
2068 2009 2184 2034 proces·
2257 1999 2268 2039 ij

347 2053 465 2076 aaroni,
487 2047 550 2070 [ΒΗ.
572 2047 610 2070 II.
632 2047 691 2076 SS.,
710 2046 743 2070 T.
762 2046 862 2078 XVIII,
883 2047 942 2071 vol.
959 2053 994 2076 11,
1013 2055 1040 2079 p.
1060 2054 1120 2071 212.
1291 2045 1372 2070 “suri
1403 2048 1462 2070 tam
1493 2046 1625 2070 celeriter
1657 2053 1740 2078 quam
1766 2047 1924 2078 potenter..
1973 2063 1985 2076 .,
2017 2044 2184 2070 Eun-Lm-
2261 2049 2274 2064 -’

290 2093 318 2119 15
435 2086 444 2104 ¹
462 2087 503 2112 La
520 2090 597 2113 torre
616 2088 795 2118 Carteilaria,
806 2097 902 2121 presso
915 2089 1002 2114 l'arco
1015 2089 1046 2114 di
1059 2089 1136 2119 Tito,
1149 2097 1235 2114 rocca
1290 2086 1304 2100 “
1315 2086 1495 2117 BREHOLLRS.
1514 2088 1548 2117 V,
1568 2086 1633 2120 369-
1636 2093 1682 2119 71·
1708 2088 1846 2118 nonnas,
1865 2095 1892 2112 n.
1912 2086 1993 2120 2464-
1997 2093 2020 2119 5.

348 2129 392 2154 dei
412 2129 602 2162 Frangipane.
624 2130 710 2155 cadde
730 2130 751 2154 il
773 2135 803 2162 15
824 2133 926 2163 agosto
945 2131 1066 2155 durante
1085 2132 1112 2155 la
1126 2139 1235 2163 proces·
1378 2128 1389 2145 θ
1407 2129 1445 2154 Di
1465 2131 1558 2162 questi
1578 2130 1646 2154 fatti
1665 2129 1699 2155 R.
1724 2128 1739 2154 ὲ
1764 2131 1912 2154 narratore
1938 2128 2116 2154 redeuntum
2139 2115 2184 2154 sla
2267 2139 2273 2155 ;

346 2172 435 2196 sione.
472 2172 679 2204 L'imperatore
698 2173 836 2197 coi-nando
851 2181 865 2197 a
879 2171 1028 2198 Glovanni
1051 2173 1209 2205 “magister
1220 2192 1232 2205 „
1288 2179 1337 2204 per
1356 2179 1446 2196 essere
1465 2174 1541 2196 stato
1562 2173 1745 2197 nell’ottobre
1765 2172 1796 2196 di
1813 2172 1898 2204 quell’
1901 2179 1978 2197 anno
1997 2178 2096 2204 presso
2109 2170 2185 2196 Νω-
2210 2175 2247 2203 ςο

348 2214 377 2238 di
397 2214 452 2238 San
472 2213 614 2239 Germano
633 2215 682 2239 che
702 2216 725 2239 si
744 2222 851 2239 recasse
869 2222 886 2239 a
901 2215 990 2240 Roma
1003 2223 1052 2247 per
1066 2217 1236 2241 restaurai-la
1288 2216 1418 2247 peratore
1437 2222 1486 2247 per
1504 2214 1583 2239 affari
1605 2215 1655 2239 che
1675 2215 1750 2239 assai
1769 2215 1810 2247 gli
1833 2215 2060 2244 interessavano.
2078 2214 2123 2239 sis
2136 2220 2186 2246 per
2265 2211 2275 2235 :1-

326 2272 328 2274 ν
349 2256 395 2280 nei
418 2261 446 2286 ¹5
467 2264 481 2280 e
503 2262 533 2286 17
553 2258 619 2283 oth:
639 2253 987 2287 Humano-Batauam,
1006 2257 1039 2288 V,
1058 2265 1107 2289 451
1128 2265 1143 2282 e
1168 2264 1236 2290 4553
1289 2257 1315 2280 le
1334 2257 1388 2280 due
1407 2257 1507 2280 lettere
1527 2257 1662 2281 mandate
1681 2256 1761 2281 dallo
1781 2258 1872 2281 stesso
1892 2257 2063 2288 imperatore
2080 2255 2110 2280 al
2128 2254 2186 2280 Ro-

289 2302 322 2319 20
348 2298 481 2326 Bor-imas,
502 2307 528 2322 n.
548 2298 626 2330 2518,
646 2305 724 2329 ²5²0·
1290 2300 1367 2323 mani
1388 2299 1466 2322 neiio
1486 2300 1575 2323 stesso
1595 2306 1676 2323 mese.
1707 2299 1738 2323 “.
1751 2298 1974 2324 ...distructum
1993 2297 2187 2323 Mediolanen-

437 2338 447 2354 2
465 2340 614 2364 Teobaldo
631 2339 644 2363 1
663 2348 692 2364 re
711 2341 739 2364 di
760 2341 887 2365 Navarra
908 2342 982 2365 nella
1001 2349 1050 2366 sua
1071 2342 1236 2374 spedizione
1290 2341 1303 2354 “
1316 2348 1373 2365 sem
1393 2341 1518 2365 feliciter
1537 2341 1712 2365 intravimus
1731 2343 1759 2366 et
1778 2342 1919 2373 potenter,
1937 2342 1966 2365 et
1976 2340 2046 2366 licet
2057 2339 2186 2365 hostium
2261 2343 2269 2359 Ἀ

349 2388 397 2413 per
416 2381 503 2406 Terra
522 2381 610 2406 Santa
629 2382 659 2406 fu
679 2382 709 2406 di
728 2390 800 2414 poco
820 2383 972 2414 preceduto
991 2384 1160 2416 dall’imper.
1174 2385 1236 2409 Bal·
1292 2382 1445 2415 “pravitas
1474 2385 1604 2408 nostrum
1633 2383 1788 2408 adventum
1814 2384 1957 2415 presciens
1985 2382 2021 2407 ad
2049 2382 2186 2407 fodienda
2211 2386 2247 2416 ςς
2267 2398 2289 2408 ς

350 2425 438 2448 duino
457 2424 487 2448 di
507 2424 672 2456 Courtenay
691 2431 705 2448 e
725 2425 760 2449 da
779 2424 914 2449 Umberto
933 2427 1047 2457 signore
1060 2426 1086 2450 di
1103 2427 1237 2460 Beaujeu;
1293 2425 1436 2457 “quedam
1455 2425 1534 2450 valia
1553 2426 1655 2457 quibus
1674 2425 1731 2450 iter
1750 2427 1880 2450 nostrum
1899 2425 2038 2458 impedire
2055 2424 2188 2450 credebat
2269 2439 2287 2463 ἐκ

350 2466 385 2490 cs.
406 2465 458 2490 Cn.
479 2467 610 2495 HonLER,
634 2467 780 2499 Me'langes
798 2470 870 2497 pour
894 2469 986 2491 servir
1011 2477 1027 2492 a
1051 2469 1180 2493 I’lu'sloire
1205 2471 1237 2494 de
1292 2468 1380 2492 “ante
1406 2468 1515 2492 diutius
1539 2468 1686 2499 exivisset,
1713 2468 1812 2492 statim
1837 2469 1932 2492 tamen
1956 2474 2009 2501 pro
2037 2467 2122 2491 saetis
2149 2472 2186 2491 ex
2262 2463 2286 2493 ’Ῐὶ

349 2508 470 2533 l'Ort‘ent
488 2509 579 2537 Latin,
598 2509 687 2537 Paris,
710 2515 784 2541 1900,
803 2517 848 2541 pp.
869 2509 958 2534 260-1.
1292 2509 1440 2535 “instanti
1461 2510 1600 2542 pontibus
1623 2511 1703 2534 trans
1728 2510 1830 2534 flumen
1857 2509 1972 2534 Lambri
1996 2508 2186 2534 transivimus
2268 2510 2287 2522 ’-

435 2549 446 2566 ⁸
466 2549 556 2578 Quasi
577 2553 911 2583 contemporaneamente
925 2552 954 2576 lo
967 2554 1056 2577 stesso
1069 2554 1239 2586 imperatore
1294 2552 1414 2577 “versus
1444 2559 1505 2581 e0s3
1531 2553 1583 2584 qui
1608 2552 1642 2576 de
1669 2553 1736 2585 fuga
1762 2553 1860 2585 potius
1884 2559 1967 2583 quam
1993 2551 2101 2576 virium
2125 2557 2187 2584 pre-
2243 2557 2262 2582 ⁴⁴

350 2592 501 2617 comunico
520 2593 583 2617 che:
604 2594 674 2617 “die
686 2600 737 2618 x1v
750 2595 818 2618 ante
832 2595 933 2618 festum
947 2594 1163 2626 Assumptionis
1177 2597 1237 2621 bea·
1294 2594 1307 2607 “
1319 2595 1396 2619 sidio
1416 2595 1598 2625 confidentes,
1618 2595 1652 2619 de
1671 2595 1736 2619 loco
1755 2596 1929 2619 recesserunt
1947 2593 2078 2626 predIcto
2096 2595 2125 2619 et
2142 2601 2186 2618 ca·
2212 2594 2249 2622 60
2273 2597 2291 2624 ἕξ

353 2635 486 2659 “tissime
505 2635 605 2660 matris
624 2636 744 2665 Christi,
768 2638 801 2660 ut
825 2637 887 2669 ipsa
905 2637 1022 2669 justicie
1041 2639 1136 2662 nostre
1155 2645 1239 2671 nego·
1294 2636 1307 2650 “
1319 2639 1377 2662 stra
1397 2644 1446 2662 sua
1466 2639 1542 2662 inter
1559 2645 1639 2670 sepes
1657 2639 1686 2662 et
1706 2638 1804 2662 foveas
1823 2636 1981 2662 defixerunt
2000 2638 2067 2661 ante
2085 2636 2187 2662 lauans
2283 2642 2290 2653 '-

353 2676 448 2701 “tium
467 2676 599 2701 videatur
618 2685 756 2702 assumere
775 2680 804 2702 et
822 2679 1002 2711 processibus
1023 2681 1129 2704 nostris
1148 2681 1240 2705 vIcto-
1294 2679 1307 2692 “
1319 2680 1449 2704 civitatis
1474 2682 1575 2709 castra,
1603 2680 1691 2705 villas
1716 2681 1745 2704 et
1772 2686 1944 2711 quecumque
1972 2679 2130 2704 habuerant
2154 2685 2187 2704 ea

292 2721 326 2746 30
352 2719 364 2732 ⁸
376 2720 446 2743 riam
465 2719 604 2748 exhibere,
625 2721 654 2743 in
676 2722 820 2744 momento
846 2723 874 2745 et
899 2722 959 2758 ictu
976 2722 1051 2745 oculi
1078 2722 1154 2746 facto
1173 2730 1239 2747 con·
1295 2722 1398 2754 “parte
1417 2730 1471 2754 qua
1492 2723 1578 2746 nobis
1595 2729 1744 2756 processus
1762 2723 1823 2746 erat
1842 2721 1963 2746 flammis
1976 2723 2003 2745 et
2016 2721 2122 2754 gladii·
2135 2720 2185 2746 iio·

353 2759 473 2793 “gressu
494 2762 522 2784 in
542 2761 650 2786 flamma
675 2763 703 2786 et
727 2762 825 2794 gladio
851 2764 949 2787 noster
975 2763 1047 2787 illud
1067 2765 1240 2789 victoriosus
1293 2763 1371 2788 “stri
1390 2764 1532 2789 exercitus
1554 2765 1737 2796 reliquentes,
1755 2764 1822 2788 dum
1841 2764 1919 2788 votis
1937 2764 1996 2787 suis
2014 2764 2086 2788 satis
2103 2763 2188 2788 habe-
2278 2770 2289 2775 ¹

355 2803 453 2834 “cepit
471 2805 618 2833 exercitus,
637 2806 669 2828 ut
690 2805 740 2836 qui
761 2806 790 2829 in
816 2807 910 2830 castro
934 2805 1070 2830 Plumatii
1096 2806 1239 2838 depluma-
1295 2806 1382 2830 “rent
1408 2807 1433 2830 si
1457 2807 1534 2830 inter
1559 2807 1703 2831 vallorum
1729 2806 1877 2831 anfractus
1904 2807 1932 2830 et
1960 2805 2023 2830 loca
2048 2806 2188 2838 palustria
2213 2803 2247 2837 65

355 2843 368 2857 “
379 2852 506 2868 versmus
519 2845 611 2876 bonis,
625 2848 653 2871 et
666 2847 697 2870 in
711 2846 809 2871 eodem
823 2854 934 2879 quoque
948 2849 1041 2872 castro
1054 2848 1130 2880 quod
1144 2856 1241 2874 revera
1295 2847 1309 2860 “
1320 2849 1422 2879 quibus
1451 2856 1479 2873 se
1508 2856 1560 2881 pro
1586 2849 1675 2874 muris
1701 2849 1894 2877 muniverant,
1919 2850 2038 2881 possent
2063 2847 2188 2874 ultiouis
2284 2853 2293 2874 ’,

355 2884 485 2910 “dicitur
503 2893 554 2917 pro
573 2887 677 2911 eisdem
696 2888 827 2912 hostibus
847 2887 1024 2920 Crcpacorii,
1044 2889 1129 2913 corda
1150 2890 1240 2914 Bono·
1296 2889 1309 2902 ⁸
1322 2892 1418 2915 nostre
1437 2891 1564 2922 gladium
1585 2899 1659 2915 nunc
1678 2891 1780 2916 saltem
1800 2898 1815 2915 a
1841 2892 1901 2915 suis
1926 2891 2086 2915 cervicibus
2106 2897 2188 2915 revo·
2252 2883 2291 2915 ‘Ji-⁵

294 2931 326 2957 35
355 2925 368 2939 “
381 2927 522 2952 niensium
537 2929 665 2953 funditus
678 2931 896 2955 conteramus...
906 2940 934 2962 ης
948 2930 1242 2956 ΗυιιιΑκυ-Βκιξῐιοι-
1297 2932 1310 2945 “
1322 2941 1392 2964 care,
1412 2935 1522 2957 matura
1541 2934 1668 2958 locorum
1688 2933 1724 2958 acl
1737 2940 1786 2957 eos
1799 2933 1857 2957 ficri
1874 2941 1931 2957 non
1946 2934 2066 2958 sinente·
2077 2949 2115 2958 ...
2127 2932 2187 2957 Nos

2215 3022 2293 3048 70¹
