2320 3444
52 282 55 286 ,
112 253 184 290 ’[Α.
204 253 299 287 1220]
1929 247 1977 283 83
2006 258 2081 284 Mun„
2096 264 2131 279 cc.
2152 265 2214 284 ψ,

918 247 1200 284 CHRONICA

133 325 737 332 W—---...-..-..⁴-..-.-..-...-..-.-.--.....‚.-->..‚..-
740 325 1026 330 ,-.-...--..-...-,.,....--.....

108 397 110 399 ·
129 380 248 414 biliter
272 386 307 414 et
329 382 497 414 decenter
519 380 682 414 interfuit
695 380 716 414 ¹.
763 381 841 414 Illic
865 383 971 414 etiam
1131 380 1261 413 Sancto
1279 379 1459 418 Seuerino‚
1476 389 1593 412 comes
1616 379 1825 424 Ryccardus
1842 381 1886 414 de
1910 381 1978 414 Ce-

14 2542 28 2667 ’.κηγκικ
16 2487 21 2528 ψ...-
16 2449 20 2478 -.
16 2419 20 2440 ψ
14 2393 22 2407 2.
16 2335 19 2339 ,
18 2313 20 2315 v

78 450 81 481 ᾗ
129 434 274 468 comites
286 435 386 479 regni
402 440 437 468 et
449 434 597 468 barones
608 435 790 468 uenientes
802 434 848 468 ad
860 434 971 477 ipsum

61 503 79 523 1
114 493 166 531 ⁷¹¹t
179 498 274 520 suam
292 493 434 530 possent
455 489 605 531 gratiam
621 487 824 531 promereri,
854 492 973 530 preter

59 538 198 590 *maiia
221 546 257 573 et
280 540 564 574 innumerabilia'
588 553 654 585 que
678 540 744 583 ipsi
770 539 971 583 imperatori

193 2616 233 2635 10.
253 2611 419 2644 imperatori
440 2611 503 2635 Cod.
522 2623 556 2628 —
569 2617 613 2642 33.
625 2610 805 2636 habundault
826 2612 892 2637 cod.
912 2625 944 2629 —

68 2643 81 2691 ’
103 2652 146 2687 38.
163 2654 235 2679 vellt
254 2653 329 2680 nihll
355 2653 451 2681 Gnm.
477 2668 510 2672 —
536 2661 579 2687 39.
598 2661 684 2680 manu
708 2655 800 2689 pebet.
828 2657 891 2681 cod.
916 2655 948 2681 di

59 2695 71 2742 {—
98 2698 192 2730 pn'ma
210 2707 287 2725 mano

1129 434 1220 473 lano,
1245 439 1279 467 et
1301 433 1462 465 nonnulli
1485 433 1529 466 de
1551 443 1662 477 regno
1687 432 1837 467 barones
1868 434 1978 467 inter-

1129 487 1280 524 fuerunt,
1319 491 1544 519 occurrentes
1588 486 1656 529 ipsi
1700 487 1903 530 imperatori
1941 493 1980 520 ut

1128 538 1235 581 ipsius
1256 539 1324 571 sibi
1347 539 1491 583 gratiam
1515 546 1770 582 compararent,
1795 541 1978 584 eidemque

1195 2619 1238 2644 34.
1258 2612 1333 2644 quod
1354 2613 1432 2638 Uen.

68 596 73 609 '³
111 593 326 636 <optulerunt
341 605 497 633 munera,
513 594 708 627 dextrarios
724 594 867 633 nobiles,
883 603 970 637 quos
1056 596 1073 628 5
1129 593 1300 625 dederunt
1323 592 1513 625 liberaliter
1536 593 1743 632 dextrarios,
1761 604 1847 636 quos
1870 594 1977 627 habe-

123 657 244 680 secum
260 648 444 687 duxerant,
467 654 538 681 tam
561 648 668 681 abbas
699 658 802 691 quam
826 647 970 680 comites
1128 646 1222 684 bant,
1235 656 1322 688 quos
1338 646 1564 679 redeuntibus
1576 646 1610 678 in
1626 646 1866 680 Alemanniam
1884 648 1978 680 Teu-

65 696 74 735 s
123 700 305 735 uniuersos
335 701 520 735 dederunt.
566 701 674 741 Uenit
697 701 802 734 etiam
825 707 907 734 tunc
924 699 969 733 ad
1128 700 1254 732 tonicis
1277 700 1351 742 ipse
1375 700 1522 743 largitus
1545 706 1598 734 est
1620 701 1820 744 Imperator.

124 763 203 786 eum
226 754 424 788 Riccardus
447 756 491 788 de
517 755 664 792 Celano,
694 755 804 788 frater
834 753 969 787 comitis
1215 754 1317 786 Tunc
1341 754 1445 786 etiam
1468 754 1624 787 Thomas
1639 755 1771 787 Molisii
1786 755 1914 788 Comes
1930 755 1975 787 ad

65 809 73 823 ³⁷
123 806 303 841 Thomasii
336 808 380 842 de
413 808 556 841 Molisio
586 808 624 842 in
648 808 768 841 'odium
790 808 910 840 fratris
932 812 968 840 et
1124 808 1238 850 ipsum
1261 807 1509 849 Imperatorem
1533 818 1598 850 pro
1621 808 1714 840 illius
1744 809 1856 852 gratia
1886 809 1975 843 obti-

64 878 67 880 -
122 859 354 903 imperatoris,
384 861 583 895 muneribus
613 860 704 894 datis
726 871 789 894 suo
813 860 967 894 dominio
1033 863 1073 895 10
1125 859 1251 898 nenda,
1275 860 1367 893 misit
1390 860 1496 893 filium
1520 872 1629 904 suum,
1646 868 1697 895 set
1714 872 1791 895 cum
1809 863 1970 906 optinere

121 914 268 947 subiecit
291 925 339 948 se.
355 915 457 947 Tunc
481 914 595 948 dictus
618 914 827 947 Thomasius
851 924 966 948 comes
1123 924 1199 945 eam
1222 923 1292 946 non
1308 919 1435 955 posset,
1452 920 1574 947 contra
1597 914 1706 957 ipsum
1723 915 1972 958 Imperatorem

65 988 67 990 -
120 966 251 1000 Molisii
281 967 384 1000 filium
409 979 506 1000 suum
530 967 723 1001 honorifice
746 968 793 1001 ad
815 968 965 1002 eundem
1124 978 1160 1000 se
1183 967 1218 999 in
1248 977 1390 1000 roccam
1413 967 1542 1009 recipit
1564 968 1770 1011 Magenulfi‚
1792 970 1969 1003 comitissa

118 1019 364 1063 imperatorem
397 1021 498 1061 misit,
529 1027 567 1054 ut
597 1032 693 1054 suam
723 1021 789 1054 sibi
819 1013 963 1066 gratiam
1123 1031 1230 1054 uxore
1253 1031 1316 1054 sua
1345 1020 1380 1052 in
1411 1030 1516 1053 rocca
1545 1021 1670 1054 Boiani
1700 1023 1898 1062 constituta,
1937 1029 1972 1057 et

119 1080 338 1117 conpararet.
362 1075 424 1108 Set
445 1084 526 1108 cum
540 1076 706 1108 honorem
721 1075 879 1118 optinere
895 1085 964 1108 non
1123 1073 1247 1107 relicta
1270 1084 1348 1107 cum
1372 1074 1451 1107 suis.

50 1157 55 1163 ,
118 1134 246 1170 posset,
270 1128 314 1161 de
338 1127 482 1161 licentia
512 1127 733 1171 imperatoris
756 1129 801 1162 ad
827 1134 963 1172 patrem
1030 1130 1066 1162 15
1210 1127 1313 1160 Tunc
1323 1128 1399 1170 ipse
1412 1128 1605 1170 Imperator
1617 1139 1680 1170 per
1693 1140 1813 1162 manus
1830 1131 1968 1163 Ostien-
1996 1128 2129 1180 ‘'''512222‘122
2139 1135 2207 1178 {21⁶²

49 1188 65 1219 ᾗ
118 1181 304 1214 reuertitur
318 1181 351 1220 ’ς
366 1181 426 1226 qui
445 1187 567 1215 contra
589 1181 700 1225 ipsum
716 1182 962 1225 imperatorem
1120 1181 1166 1213 sis
1180 1180 1350 1224 episcopi,
1366 1181 1425 1224 qui
1440 1182 1662 1223 postmodum
1685 1183 1721 1215 in
1737 1194 1863 1225 papam
1881 1184 1969 1217 Gre-

115 1233 153 1266 in
175 1244 282 1267 rocca
304 1235 508 1279 Magenulfi,
531 1245 635 1278 quam
660 1235 840 1275 munierat,
853 1246 890 1268 se
906 1246 961 1268 re·
1118 1234 1254 1278 gorium
1279 1238 1332 1267 est
1370 1241 1561 1276 promotus,
1592 1236 1778 1278 resumpsit
1816 1247 1966 1276 crucem,

115 1287 221 1330 cepit,
236 1298 380 1321 uxorem
397 1299 492 1321 suam
509 1289 720 1322 comitissam
731 1299 866 1332 ponens
882 1299 959 1322 cum
1119 1293 1238 1320 uotum
1259 1287 1401 1330 publice
1425 1288 1617 1326 innouauit,
1633 1289 1827 1332 multosque
1844 1291 1903 1333 qui
1916 1291 1966 1322 in-

115 1340 185 1373 suis
207 1341 243 1374 in
265 1352 372 1375 rocca
393 1341 518 1375 Boiani
532 1341 556 1375 ⁸.
602 1341 722 1376 Abbas
751 1342 959 1386 Stephanus,
1119 1346 1273 1373 tererant
1310 1340 1446 1373 nobiles
1483 1341 1576 1374 idem
1623 1342 1743 1375 facere
1789 1344 1965 1377 animauit.

116 1393 202 1428 licet
238 1395 376 1435 inuitus,
405 1396 548 1429 mandat
578 1395 721 1428 Atinum
752 1402 786 1429 et
819 1406 959 1429 roccam
1023 1397 1065 1428 20
1118 1394 1220 1427 Tunc
1244 1394 1348 1426 etiam
1373 1395 1488 1427 dictus
1509 1395 1617 1428 abbas
1632 1393 1831 1438 Stephanus
1846 1398 1890 1430 ad
1905 1409 1966 1440 pe-

57 1443 63 1452 ‘
114 1446 254 1487 Bantre,
285 1459 352 1493 que
383 1449 530 1483 condam
562 1450 740 1483 Henricus
768 1451 959 1493 imperator
1117 1447 1276 1480 titionem
1307 1448 1532 1490 Imperatoris
1563 1449 1631 1482 sibi
1662 1459 1804 1482 roccam
1835 1450 1964 1484 Bantre

61 1516 65 1522 ι
114 1502 290 1544 optulerat
305 1502 487 1536 Casinensi
502 1504 724 1544 monasterio,
740 1503 861 1536 Cesari
873 1504 958 1536 resi·
1116 1502 1260 1534 mandat
1282 1501 1428 1540 restitui,
1446 1508 1481 1534 et
1497 1501 1639 1534 Atinum
1664 1513 1732 1545 que
1756 1514 1865 1547 usque
1882 1510 1964 1539 tunc

57 1565 58 1568 ’
113 1555 224 1598 gnari.
271 1554 380 1589 Cesar
394 1557 468 1600 ipse
484 1562 567 1590 ante
583 1557 845 1591 coronationem
861 1568 957 1590 suam
1116 1565 1160 1587 ex
1187 1555 1413 1588 concessione
1437 1556 1658 1598 imperatoris
1681 1557 1825 1590 Henrici
1856 1561 1965 1602 patris

113 1618 176 1651 pro
193 1609 421 1643 ecclesiarum
437 1610 659 1644 libertatibus
676 1611 740 1644 has
760 1611 958 1644 sanctiones
1116 1613 1277 1641 tenuerat
1300 1608 1451 1641 eccleflia
1474 1609 1685 1643 Casinensis·

57 1659 72 1689 1!
113 1661 223 1695 edidit
244 1661 282 1695 in
305 1663 398 1696 hunc
422 1662 578 1697 modum:
1019 1664 1060 1697 25
1204 1662 1399 1704 Imperator
1421 1662 1496 1705 ipse
1521 1663 1636 1696 Rome
1668 1664 1705 1696 in
1736 1676 1795 1697 sua
1820 1676 1964 1699 corona-

204 1717 219 1734 “
234 1713 292 1750 Ad
315 1717 423 1750 decus
446 1723 481 1750 et
503 1716 668 1750 decorem
691 1718 829 1761 imperii
853 1724 887 1751 et
910 1717 955 1751 ad
1115 1716 1208 1749 tione
1232 1712 1398 1759 quasdam
1422 1716 1535 1749 edidit
1550 1718 1749 1751 sanctiones
1771 1730 1834 1762 pro
1860 1720 1963 1753 liber-

115 1766 280 1802 “laudem
316 1769 470 1803 Romani
500 1770 672 1814 principis
700 1770 810 1804 nichil
844 1771 955 1815 magis
1115 1776 1186 1803 tate
1217 1770 1442 1803 ecclesiarum
1464 1777 1499 1803 et
1521 1771 1736 1811 clericorum,
1759 1774 1964 1807 confusione

60 1827 70 1843 ²
115 1823 131 1840 ⁸
145 1821 280 1856 uidetur
313 1823 487 1858 accedere
525 1835 627 1868 quam
664 1831 713 1865 ut,
751 1826 953 1870 expurgatis
1115 1815 1374 1862 Paterenorum,
1397 1825 1608 1857 testamentis
1641 1828 1903 1870 peregrinorum
1928 1833 1963 1860 et

114 1875 370 1919 “quorumdam
393 1877 569 1911 erroribus
591 1883 627 1911 et
649 1878 776 1923 iniquis
791 1889 953 1923 quorum—
1114 1879 1301 1912 securitate
1326 1878 1589 1922 agricultorum3
1622 1885 1656 1912 et
1680 1886 1760 1913 tunc
1783 1880 1961 1913 Romanos

66 1951 67 1954 =
115 1930 221 1963 “dam
237 1931 370 1964 statutis
392 1931 577 1971 destitutis,
601 1932 645 1965 de
661 1938 779 1966 cetero
802 1933 954 1966 ecclesia
1016 1936 1058 1968 30
1113 1933 1204 1965 fines
1227 1933 1389 1965 deserens
1411 1938 1447 1965 et
1470 1943 1532 1975 per
1555 1932 1781 1975 Campaniam
1804 1934 1872 1966 iter
1903 1934 1960 1967 ha-

114 1985 130 2001 “
144 1983 210 2017 Dei
233 1984 336 2028 plena
359 1985 476 2028 quiete
493 1991 528 2018 et
543 1995 665 2019 secura
679 1986 833 2030 gaudeat
849 1986 952 2019 liber-
1112 1986 1199 2020 bens
1221 1986 1318 2019 uenit
1341 1986 1377 2018 in
1401 1987 1578 2030 Regnum,
1602 1994 1638 2020 et
1659 1988 1754 2030 apud
1791 1987 1958 2021 Sanctum

55 2031 71 2062 'q
113 2038 223 2070 “tate.
247 2037 340 2071 Sane
362 2039 453 2072 adeo
475 2039 667 2072 infidelium
684 2039 900 2083 quorundam
918 2046 952 2072 et
1113 2041 1323 2074 Germanum
1361 2040 1552 2083 magnifice
1582 2051 1603 2072 a
1632 2041 1794 2083 predicto
1833 2041 1958 2074 abbate

113 2090 343 2124 “iniustorum
379 2092 545 2135 iniquitas
582 2092 784 2130 abundauit,
814 2098 851 2125 ut
881 2103 952 2126 non
1111 2100 1283 2137 receptus,
1305 2104 1459 2126 mensam
1484 2103 1711 2136 campsorum‚
1743 2095 1852 2127 etius
1881 2106 1958 2127 san-

17 2158 20 2162 ·
70 2174 75 2193 ;
113 2143 300 2178 “dubitent
333 2150 454 2179 contra
484 2146 710 2189 apostolicam
734 2146 951 2189 disciplinam
1110 2148 1222 2191 guinis
1255 2158 1322 2191 que
1345 2157 1456 2189 usque
1488 2153 1572 2180 tunc
1604 2147 1773 2180 habuerat
1804 2157 1846 2180 ex
1876 2158 1956 2181 con-

16 2220 18 2223 v
61 2224 68 2234 -,
110 2196 126 2214 ⁸
140 2204 175 2231 et
197 2209 315 2232 sacros
338 2209 493 2232 canones
515 2210 577 2233 sua
599 2205 726 2233 statuta
749 2201 950 2245 confingere
1013 2202 1055 2235 35
1111 2202 1267 2234 cessione
1290 2201 1508 2243 imperatoris
1539 2201 1693 2240 Henrici‚
1717 2201 1867 2234 ecclesia
1890 2201 1957 2234 Ca-

16 2246 19 2250 *
56 2250 75 2299 ..ᾖ
109 2250 263 2284 ‘contra
285 2252 543 2285 ecclesiasticas
565 2263 732 2295 personas
749 2259 783 2286 et
800 2254 950 2287 ecclesie
1109 2254 1236 2287 sinensi
1259 2254 1385 2297 recipit
1409 2253 1453 2285 ab
1482 2254 1627 2291 eodem3
1660 2253 1830 2294 Suessam,
1861 2254 1956 2287 Tea-

59 2303 78 2334 s
108 2303 124 2322 ⁸
139 2303 343 2339 libertatem.
367 2305 455 2339 Cum
471 2316 567 2349 ergo,
582 2306 703 2339 diuina
719 2307 948 2350 dispositione
1109 2318 1189 2340 num
1213 2314 1248 2340 et
1270 2318 1413 2341 roccam
1434 2307 1606 2340 Draconis
1628 2308 1663 2340 in
1687 2308 1883 2341 demanium
1899 2320 1956 2342 re-

74 2355 75 2358 ’
110 2358 305 2399 “faciente‚
328 2359 435 2392 nichil
457 2360 542 2392 uelit
564 2360 713 2394 ecclesia
743 2371 811 2404 que
841 2361 949 2394 nichil
1107 2367 1221 2400 uocat,
1244 2372 1329 2405 quas
1367 2362 1482 2394 dictus
1519 2371 1637 2394 comes
1675 2361 1873 2405 Roggerius
1910 2361 1954 2395 de

87 2444 91 2447 ⁴
107 2410 123 2430 ⁸
137 2409 243 2446 debet
264 2418 382 2455 preter
404 2411 534 2446 bonum
550 2419 715 2456 appetere
739 2414 833 2457 quod
848 2414 948 2448 nobis
1108 2412 1236 2458 Aquila
1258 2420 1341 2447 tunc
1371 2414 1530 2452 tenebat;
1560 2421 1594 2447 et
1623 2424 1660 2447 se
1691 2422 1786 2448 recto
1817 2415 1952 2448 tramite

62 2475 73 2512 ζ
108 2463 259 2498 ‘eodem
295 2475 442 2499 occursu
472 2466 689 2500 uoluntatum
719 2477 789 2500 non
819 2468 946 2511 placet,
1010 2470 1052 2502 40
1107 2469 1260 2512 Capuam
1283 2469 1470 2501 conferens
1487 2474 1522 2501 et
1538 2479 1662 2511 regens
1684 2469 1875 2501 ibicuriam
1889 2478 1950 2510 ge-

63 2849 70 2867 3,
190 2828 199 2846 ¹
218 2827 312 2855 Credo
341 2830 489 2863 probabile
517 2830 566 2854 che
595 2829 698 2855 l’abate
715 2829 844 2862 Stefana,
870 2828 920 2864 piu
945 2830 995 2855 che
1049 2838 1064 2856 e
1082 2831 1238 2856 Tommaso
1258 2833 1342 2856 conte
1361 2831 1406 2856 del
1428 2831 1532 2855 Molise
1552 2838 1617 2864 pare
1637 2832 1816 2863 riguardasse
1836 2830 1861 2855 le
1881 2831 1944 2855 loro
1975 2839 2008 2857 xo

60 2866 74 2895 ..'
102 2871 235 2897 mandare
247 2872 278 2898 in
292 2871 447 2898 Germania
462 2873 476 2886 ‘¹
487 2874 632 2898 decentem
645 2873 804 2905 cappellam
815 2891 829 2905 ‚‚
849 2880 866 2898 a
885 2873 994 2898 Federl-
1050 2873 1200 2906 rispettive
1219 2871 1335 2903 eredita,
1362 2881 1440 2898 come
1459 2874 1529 2897 bene
1546 2874 1634 2905 opina
1654 2873 1787 2897 Eventu
1802 2873 1945 2906 Jnuxson,

64 2918 82 2938 .-“
102 2918 145 2942 eo,
163 2920 241 2938 come
260 2914 323 2939 dlce
340 2914 375 2940 R.
396 2915 511 2940 nell'an.
533 2921 610 2948 ηις,
636 2915 695 2947 glie
721 2914 826 2940 l’abbia
850 2915 995 2948 personnl-
1052 2917 1072 2940 I
1083 2917 1154 2941 conti
1172 2916 1203 2940 di
1220 2916 1320 2941 Molise
1340 2925 1353 2940 e
1373 2917 1403 2940 di
1428 2916 1537 2940 Marsia
1562 2915 1606 2939 nei
1629 2915 1711 2940 secoli
1735 2916 1803 2940 XII
1823 2924 1836 2940 e
1856 2917 1944 2945 XIII,

63 2941 70 2953 ζ
102 2957 195 2982 mente
212 2959 387 2990 eonsegnata
407 2957 521 2990 quando
536 2957 612 2982 nella
626 2957 722 2982 Mai-ca
736 2955 811 2982 s'unl
823 2957 994 2992 all'lmpera-
1049 2957 1271 2990 Casalbordlno,
1296 2965 1370 2990 ¹932,
1389 2966 1415 2990 p.
1435 2965 1468 2989 49
1488 2965 1502 2981 e
1523 2965 1549 2983 n.
1570 2965 1594 2988 4.

64 3029 69 3038 h
101 2998 162 3023 tore
181 3005 230 3032 per
249 3000 487 3033 accompagnarlo
507 3007 524 3025 a
542 2999 643 3026 Roma.
1137 2998 1148 3015 ³
1167 3000 1399 3025 Roccamandolfi
1419 3007 1433 3024 e
1453 3001 1564 3024 Bolano
1589 3006 1684 3032 presso
1703 3000 1908 3032 Campobasso.

189 3039 200 3057 ¹
218 3040 259 3067 La
277 3042 393 3075 disputa
407 3042 450 3067 fra
464 3043 473 3067 i
487 3042 542 3067 due
555 3042 664 3067 fratelli
678 3040 820 3067 Rlccsrdo
833 3042 864 3068 dl
883 3041 993 3068 Celano

16 2996 18 3005 ’
16 2823 30 2958 „nenne-:z—
13 2674 26 2810 -ιέ-ΐ-νωνν
