2320 3444
112 232 164 269 [Α.
185 234 282 270 ¹²²⁰!
897 232 1172 270 CHRONICA
1905 232 1950 268 91

113 357 227 392 “sone
249 360 355 393 alicui
378 361 453 394 sine
476 361 621 405 speciali
636 363 800 397 mandato
823 371 954 406 nostro,

114 413 177 446 “et
199 413 227 446 si
249 413 334 458 quid
356 414 473 448 taliter
495 421 612 448 actum
634 421 697 455 est,
714 427 777 450 nos
793 418 954 451 decerni-

114 467 217 499 ‘mus
238 467 375 500 irritum
399 473 436 501 et
457 469 562 502 inane
578 467 599 501 ¹.

198 521 212 538 ⁸
228 520 340 564 [XIII]
363 521 579 566 Precipimus
611 523 717 556 etiam
746 531 786 557 ut
819 524 951 556 domini

56 575 57 578 ’
110 571 126 591 ‘⁴
140 573 294 608 habeant
309 575 476 609 uassallos
491 586 570 609 suos
586 582 621 609 et
637 583 778 610 teneant
791 587 833 610 eo
848 578 953 611 modo

50 629 54 672 f
113 627 210 671 'quo
232 633 418 662 tenuerunt
441 628 625 672 [tempore]
647 630 741 674 regis
764 630 953 670 Guillelmi,

53 696 61 723 j
113 681 176 714 “et
198 681 328 714 nullum
353 681 448 715 aliud
470 683 649 716 seruitium
674 683 810 727 esigant
832 683 875 716 ab
892 684 953 724 eis,

48 735 59 740 ’
111 733 207 767 ‘nisi
238 735 333 779 quod
363 741 522 778 tempore
553 736 644 780 regis
674 736 831 770 eiusdem
861 738 954 783 exigi

54 794 57 795 ’
113 789 129 806 ⁸
142 789 335 822 consueuit.
367 789 413 822 Et
442 788 510 832 ipsi
540 789 700 822 homines
730 800 773 822 ea
803 791 954 825 dominis

113 842 128 860 ⁸
140 842 212 874 suis
227 842 399 881 exibeant,
415 852 482 886 que
497 849 753 877 consueuerunt
768 849 850 878 tunc
866 851 953 878 tem-

45 884 55 926 ⁵,
111 894 231 938 ‘poris
253 894 395 928 exibere
406 894 429 928 ².

201 949 217 966 “
229 947 357 991 [XIIII]
380 948 468 982 Item
490 949 703 992 precipimus
719 960 763 982 ne
785 950 822 983 in
838 951 954 995 aliqua

113 1003 128 1020 ¹⁶
141 1001 282 1035 ciuitate
305 1002 484 1035 ordinetur
505 1009 670 1046 potestas,
695 1005 871 1038 consulem
895 1012 954 1040 aut

113 1057 312 1089 “rectorem
343 1066 415 1089 non
445 1055 608 1095 habeant,
638 1062 691 1091 set
725 1058 860 1092 baliuus
889 1071 954 1103 per

109 1108 318 1142 “ordinatos
340 1110 550 1142 camerarios
581 1111 678 1144 curie
708 1118 889 1152 statuatur,
919 1119 954 1147 et

110 1161 126 1179 ⁸
143 1161 274 1196 iustitia
295 1172 361 1205 per
374 1162 575 1196 iustitiarios
591 1169 626 1196 et
649 1164 833 1200 ordinatos
856 1168 952 1202 curie

110 1216 126 1234 ⁸
139 1222 280 1260 regatur
301 1216 387 1249 iuris
410 1217 533 1251 ordine
557 1223 592 1251 et
615 1219 814 1262 approbatis
836 1220 953 1266 Regni

35 1261 66 1307 J
111 1271 127 1289 ⁸
141 1269 449 1304 consuetudinibus
471 1271 676 1305 obseruetur
687 1271 709 1306 ⁸.

200 1325 216 1342 ¹¹
229 1322 325 1366 [XV]
347 1323 519 1357 Uolumus
549 1330 584 1358 et
614 1325 773 1360 districte
796 1327 954 1362 iubemus
994 1341 995 1346 ¹

59 1377 61 1380 '
111 1378 179 1412 ‘ut
200 1378 284 1421 quia
305 1383 386 1421 post
414 1377 543 1411 obitum
573 1377 704 1411 domini
735 1381 954 1424 imperatoris

112 1432 128 1450 ³
140 1431 287 1465 Henrici
297 1431 448 1476 sigillum
461 1437 614 1464 nostrum
626 1432 769 1466 deuenit
780 1435 826 1468 ad
834 1446 955 1469 manus

113 1487 128 1504 ⁸
141 1483 351 1526 Marcualdi,
374 1484 433 1529 qui
455 1486 500 1518 de
523 1485 600 1528 ipso
615 1485 731 1530 sigillo
746 1487 848 1530 plura
870 1499 955 1523 con-

113 1538 268 1572 “fecisse
305 1537 434 1572 dicitur
471 1549 539 1582 que
562 1539 692 1572 suntin
719 1541 951 1583 preiudicium

113 1593 305 1631 “nostrum,
329 1597 364 1626 et
385 1592 498 1625 simile
521 1592 654 1625 factum
676 1599 819 1637 putatur
841 1596 886 1629 de
909 1597 952 1629 si-

50 1690 54 1691 ⁷
110 1645 126 1663 ⁴
139 1645 224 1690 gillo
246 1645 481 1689 imperatricis
502 1646 621 1679 matris
643 1653 762 1681 nostre
785 1655 864 1691 post
878 1651 953 1684 obi-

56 1719 60 1738 ,,
111 1698 209 1732 “tum
232 1697 320 1738 eius,
342 1699 505 1732 uniuersa
536 1700 732 1744 priuilegia,
764 1712 833 1745 que
856 1703 954 1738 facta

49 1745 52 1748 ⁴
112 1753 128 1770 ⁸
139 1758 221 1785 sunt
241 1758 277 1786 et
292 1762 458 1786 concessa
474 1752 518 1786 ab
542 1753 675 1787 eisdem
692 1754 904 1798 imperatore
920 1763 955 1790 et

112 1805 360 1849 “imperatrice
383 1805 428 1839 ab
450 1806 518 1839 hiis
539 1807 598 1850 qui
613 1814 694 1842 sunt
715 1809 803 1842 citra
825 1811 953 1844 Fatum

45 1900 47 1902 ι
113 1860 249 1903 “usque
279 1861 325 1893 ad
362 1858 499 1894 Pascha
521 1862 788 1895 resurrectionis
810 1863 954 1897 Domini

56 1911 59 1913 ’
113 1915 375 1956 “presenteturz
403 1919 438 1947 et
461 1913 504 1946 ab
526 1914 597 1948 illis
629 1915 673 1949 de
697 1916 820 1950 Sicilia
843 1929 953 1962 usque

111 1968 186 2001 “ad
207 1966 464 2001 Pentecostem.
487 1968 614 2002 Omnia
643 1969 745 2003 etiam
769 1971 954 2014 priuilegia

112 2022 176 2054 “et
198 2021 461 2054 concessionum
485 2022 617 2066 scn‘pta
639 2034 660 2056 a
683 2024 786 2058 nobis
810 2025 954 2059 cuilibet

113 2075 310 2109 ‘hactenus
331 2075 429 2109 facta
450 2076 486 2110 in
508 2077 639 2110 eisdem
662 2077 819 2110 terminis
841 2079 953 2121 preci-

112 2129 253 2172 “pimus
274 2130 478 2172 presentari.
503 2128 610 2168 Quod
632 2130 662 2164 si
685 2141 754 2164 non
777 2137 955 2175 presenta-

112 2181 128 2199 ⁸
145 2182 268 2221 uerint,
290 2180 355 2226 (in)
383 2183 469 2227 ipsis
502 2183 694 2228 privilegiis
717 2195 786 2217 non
816 2185 954 2228 impune

113 2237 296 2274 “utantur3
319 2242 372 2269 set
393 2236 536 2270 irritatis
557 2237 694 2280 penitus
723 2238 783 2282 qui
806 2249 848 2271 ea
871 2250 955 2272 con-

113 2290 128 2307 “
140 2289 367 2331 culcauerint,
378 2289 655 2334 indignationem
670 2291 886 2335 imperialem
902 2292 953 2325 in-

114 2344 284 2377 “currant
292 2342 316 2377 ⁴.

199 2482 206 2500 ¹
225 2484 289 2510 Lib.
309 2483 357 2515 111,
375 2485 423 2510 tit.
443 2491 477 2509 v:
499 2484 513 2498 ‘⁴
529 2485 572 2510 De
598 2487 783 2511 revocatione
807 2486 958 2512 feudorum
979 2490 1006 2513 et

108 2526 220 2553 ‘rerum
233 2526 390 2552 feudalium
398 2544 422 2560 ,,
436 2527 636 2553 rlchlamnndo
651 2526 665 2540 ¹⁴
674 2527 923 2554 Constitutionem
937 2530 1005 2555 dive

110 2567 271 2594 “memorie
298 2570 373 2602 regis
398 2569 516 2603 Rogeril
537 2588 543 2594 .
555 2588 561 2595 .
573 2587 580 2595 .
591 2589 597 2595 .
611 2577 695 2604 super
720 2570 916 2597 diminutione
942 2572 1003 2598 feu-

61 2617 64 2630 ³
110 2611 125 2626 ⁴
135 2611 237 2637 dorum
255 2614 284 2637 et
303 2619 396 2637 rerum
415 2612 573 2637 feudalium
592 2613 765 2646 ampliantes
775 2631 781 2638 .
793 2631 800 2639 .
810 2630 818 2639 .
828 2630 836 2639 .
849 2631 875 2647 ἣ.

130 2659 140 2671 ’
196 2652 208 2670 ¹
226 2653 257 2680 L.
277 2654 326 2685 111,
344 2655 391 2680 tit.
410 2661 469 2679 xn:
493 2654 557 2680 “De
577 2662 636 2679 non
656 2655 855 2688 opprimendis
869 2656 1004 2682 vassallis

109 2695 149 2722 ‘a
167 2696 295 2722 dominis
306 2715 331 2730 ,,.
370 2697 524 2723 “Pr-esent!
543 2698 754 2723 constitutione
778 2698 958 2724 deceruimus
974 2702 1006 2725 ut

59 2740 61 2742 ’
110 2738 124 2752 ‘¹
135 2739 233 2764 nullus
253 2740 439 2765 dominorum
470 2739 612 2765 vassallos
640 2747 706 2764 suos
731 2742 832 2766 contra
860 2741 1004 2767 iustitiam

58 2817 60 2820 Ι
111 2779 126 2795 ‘¹
137 2782 284 2816 opprimat
294 2798 302 2807 .
313 2800 319 2806 .
330 2800 336 2807 .
349 2800 355 2807 .
367 2800 391 2814 η.

198 2821 210 2839 ³
222 2824 253 2850 L.
264 2823 285 2857 1,
297 2825 343 2849 tlt.
353 2830 370 2850 r.
380 2825 395 2859 5
406 2831 437 2850 22
454 2824 468 2839 ‘⁴
479 2825 543 2855 Qua
554 2831 627 2858 pena
638 2825 841 2850 universitates
853 2826 1005 2852 teneantur

111 2865 126 2880 ¹¹
136 2873 190 2900 que
208 2868 307 2892 creant
325 2869 482 2900 potestates
502 2869 530 2892 et
543 2867 618 2892 alios
637 2867 774 2892 officiales
785 2885 798 2899 n
816 2885 838 2893 ..
854 2883 879 2893 ..
892 2867 904 2882 ¹⁴
915 2868 1007 2893 Preci-

58 2915 63 2941 j
111 2907 228 2942 ‘pimus
247 2910 279 2934 ut
298 2908 411 2939 amodo,
430 2909 601 2940 Potestaies,
618 2909 751 2934 consules
769 2917 818 2934 seu
837 2911 961 2935 rectores
976 2911 1006 2935 ln

53 2953 67 2987 ⁴:
111 2950 208 2976 “locis
227 2951 374 2984 aliquibus
394 2959 453 2978 non
473 2954 605 2978 creentur
616 2968 708 2982 ......

68 3016 69 3019 ,
197 2991 209 3008 ⁴
229 2993 427 3028 Sull’esemplo
459 2996 634 3026 soprattutto
661 2993 738 3019 della
761 2993 958 3027 disposizione
977 2994 1006 3020 di

113 3035 257 3070 Rugglero
274 3036 301 3062 11
319 3037 366 3063 del
386 3043 512 3071 1144-45,
525 3037 661 3063 Federico
676 3037 754 3062 veile
766 3037 895 3063 rivedere
907 3044 923 3063 o
936 3038 1009 3063 rlor-

1020 845 1059 878 10

1021 1112 1059 1146 15

1017 1383 1060 1415 20

1017 1648 1058 1682 25

1017 1919 1060 1952 30

1019 2188 1059 2220 35

1062 2488 1162 2514 dinare
1176 2490 1256 2514 tutto
1275 2490 1384 2521 quanto
1405 2487 1427 2512 il
1447 2488 1564 2513 sistema
1579 2487 1691 2512 seudaie
1710 2487 1754 2511 del
1769 2486 1878 2518 Regno,
1897 2493 1912 2510 e
1926 2485 1963 2510 ri-

1060 2531 1213 2556 vendicare
1227 2532 1253 2556 al
1269 2538 1320 2556 suo
1335 2530 1467 2556 demanio
1482 2530 1572 2555 tuttli
1586 2529 1663 2554 feudi
1675 2537 1689 2553 e
1701 2529 1710 2553 l
1721 2528 1818 2553 diritti
1830 2528 1962 2552 ch'erano

1060 2574 1128 2598 stati
1149 2573 1270 2599 alienati
1291 2573 1412 2598 durante
1430 2573 1458 2597 la
1478 2580 1527 2597 sua
1546 2568 1693 2596 minorita.
1731 2571 1784 2595 Per
1803 2571 1830 2595 la
1850 2577 1964 2603 presen-

1060 2617 1179 2641 tnzlone
1204 2615 1251 2640 dei.
1279 2615 1420 2649 privilegi
1448 2614 1507 2647 egil
1539 2612 1661 2646 asscgnb
1690 2613 1711 2637 ll
1739 2614 1861 2638 termine
1888 2612 1965 2637 della

1060 2658 1171 2690 Puqua
1190 2657 1235 2689 (ιι
1262 2657 1311 2688 IV,
1344 2656 1424 2690 1221)
1446 2664 1496 2690 per
1523 2657 1593 2681 tutti
1614 2656 1624 2680 l
1650 2655 1750 2688 luoghi
1780 2654 1809 2679 di
1836 2661 1891 2686 qua
1917 2654 1964 2679 dal

1059 2700 1144 2730 Faro,
1163 2707 1178 2725 e
1197 2699 1274 2725 della
1294 2700 1464 2725 Pentecoste
1485 2698 1532 2730 (30
1551 2698 1585 2729 V,
1608 2697 1686 2728 1221)
1706 2704 1755 2730 per
1773 2698 1850 2722 tutta
1870 2696 1895 2720 ia
1919 2695 1964 2721 Si-

1060 2742 1138 2768 cilia.
1177 2743 1221 2768 Un
1242 2743 1404 2767 commento
1424 2738 1475 2775 piix
1493 2740 1575 2773 largo
1588 2741 1611 2764 si
1626 2739 1663 2764 ha
1677 2740 1706 2763 in
1721 2737 1963 2764 fluxuum-Bait-

1060 2790 1180 2814 nonus,
1198 2783 1272 2808 Hist.
1287 2783 1354 2815 dipl.
1368 2783 1426 2812 cit..
1445 2781 1479 2811 11,
1496 2788 1559 2813 1393
1583 2781 1790 2806 Constitutionaes
1803 2783 1831 2804 et
1843 2783 1914 2810 acta,
1927 2779 1962 2808 11.

1062 2832 1128 2859 547:
1150 2826 1295 2860 ¹‘....pr0
1316 2833 1349 2850 eo
1362 2825 1438 2857 quod
1458 2823 1604 2857 predictus
1625 2824 1780 2855 imperator
1800 2820 1964 2855 (Henricus)

1063 2869 1076 2883 “
1086 2870 1167 2901 pater
1180 2870 1278 2894 noster
1292 2867 1381 2893 multa
1396 2867 1430 2892 de
1444 2867 1545 2899 Regno
1560 2866 1609 2890 sub
1623 2872 1671 2899 spe
1685 2864 1883 2889 revocationis
1896 2864 1963 2888 con·

1062 2909 1075 2923 ¹⁴
1087 2911 1218 2942 cesserat,
1243 2917 1296 2942 que
1316 2909 1436 2934 debuere
1455 2908 1586 2936 retinere,
1605 2908 1633 2932 et
1653 2908 1718 2940 post
1737 2906 1849 2931 obitum
1875 2906 1964 2940 impe-

1062 2953 1193 2977 “ratoris
1221 2953 1254 2977 de
1274 2951 1374 2984 sigillo
1394 2958 1446 2975 suo
1467 2949 1623 2982 privilegia
1642 2948 1733 2973 multa
1755 2948 1826 2973 falsa
1847 2949 1965 2972 inventa

1063 2996 1168 3025 “sunt‚
1186 2995 1289 3027 quibus
1309 2995 1402 3019 maior
1421 3000 1488 3026 pars
1509 2993 1601 3017 nostri
1622 2991 1749 3016 demanii
1770 2991 1863 3017 suerat
1882 2997 1965 3016 octu-

1063 3039 1160 3070 spata,
1175 3038 1273 3062 omnia
1286 3036 1441 3070 privilegia
1456 3035 1518 3068 ipsa
1532 3035 1567 3060 sd
1581 3041 1682 3060 manus
1694 3035 1806 3059 nostras
1817 3034 1966 3067 pervenire

1993 2490 2022 2517 ¹5

1993 2704 2027 2723 20

1994 2914 2026 2941 ²5
