2320 3444
174 237 250 261 Mun..
264 242 284 259 c.
299 241 338 262 997

194 859 213 873 ί-
229 858 267 876 ’.ῐᾶ
276 857 290 870 7‘

833 221 1123 258 RYCCARDI
1151 221 1224 257 DE
1252 222 1471 258 SANCTO
1502 222 1778 259 GERMANO

2053 230 2107 264 [A.
2127 230 2220 266 1224]

385 360 399 376 ‘⁴
413 358 555 401 speciali
578 357 725 400 quadam
749 355 947 388 affectionis
969 354 1082 398 gratia
1104 354 1219 397 proui-

385 414 399 430 “
413 412 544 450 demus,
567 420 652 453 quos
675 409 764 441 sicut
788 408 960 446 conuenit,
976 408 1128 440 eruditos
1144 408 1218 450 pul-

385 467 399 483 “
413 464 584 498 cherrima
608 463 735 505 poterit
752 472 830 503 spes
846 462 968 493 fouere
985 467 1019 493 et
1034 460 1126 493 bona
1141 460 1218 503 plu-

385 520 399 536 “
411 518 497 550 rima
516 516 684 559 promptis
699 514 822 547 animis
837 519 1040 556 expectare;
1056 523 1134 546 cum
1151 519 1217 546 ste-

386 570 486 603 “rilis
517 580 591 602 esse
622 579 691 601 non
723 568 831 610 possit
853 567 1019 599 bonitatis
1049 568 1218 605 accessio,

382 625 396 640 ⁴⁴
411 634 511 666 quam
527 621 690 654 nobilitas
705 621 868 663 sequitur,
886 620 942 652 cui
957 619 1143 652 tribunalia
1157 631 1219 662 pa-

384 679 398 694 “
410 683 538 713 rantur,
562 681 727 707 secuntur
751 674 856 711 lucra,
874 672 1102 706 amicitiarum
1118 674 1220 705 fauor

383 733 397 748 “
412 737 445 762 et
461 729 573 772 gratia
589 733 845 769 comparantur.
885 727 1030 768 Insuper
1045 725 1219 759 studiosos

384 783 504 814 “uiros
522 782 568 814 ad
591 781 732 813 seruitia
753 785 871 812 nostra
894 789 964 811 non
988 779 1061 811 sine
1085 779 1219 822 magnis

381 837 395 853 ⁸
410 835 554 867 meritis'
579 841 614 866 et
637 833 797 866 laudibus
825 843 1067 875 prouocamus,
1097 842 1219 865 secure

383 889 478 920 “illis
508 899 587 920 cum
619 887 738 919 diserti
770 886 898 918 fuerint
927 896 992 928 per
1020 885 1219 918 instantiam

382 942 513 974 “studii
535 941 628 978 iuris,
651 946 686 973 et
708 940 835 972 iustitie
866 939 1034 982 regimina
1057 939 1220 970 commic-

382 997 531 1027 “tentes.
578 994 726 1037 Hylares
756 993 866 1036 igitur
896 999 930 1024 et
961 993 1115 1035 prompti
1144 992 1219 1025 sitis

379 1049 393 1064 ‘⁴
407 1049 453 1080 ad
476 1048 723 1090 professiones,
746 1057 832 1090 quas
853 1045 1005 1078 scolares
1021 1045 1219 1078 desiderant

380 1102 612 1140 “animentur,
636 1100 760 1142 quibus
782 1100 827 1131 ad
850 1099 1114 1131 inhabitandum
1140 1109 1217 1131 eum

377 1155 523 1188 “locum
550 1153 774 1186 concedimus
796 1152 857 1185 ubi
880 1163 995 1184 rerum
1019 1153 1135 1194 copia,
1158 1152 1219 1185 ubi

377 1209 391 1225 “
405 1209 519 1250 ample
535 1209 657 1241 domus
670 1213 706 1240 et
720 1207 869 1249 spatiose
884 1207 966 1239 satis
980 1212 1014 1239 et
1030 1207 1088 1239 ubi
1106 1217 1219 1240 mores

378 1264 394 1280 ⁴⁴
408 1262 654 1305 cuiuscumque
677 1267 756 1293 sunt
778 1260 920 1303 benigni
943 1266 976 1292 et
1002 1260 1063 1293 ubi
1094 1269 1217 1293 neces-

378 1316 496 1347 “saria
518 1315 588 1347 uite
611 1315 787 1347 hominum
811 1324 876 1356 per
899 1319 1008 1346 terras
1030 1319 1064 1346 et
1087 1313 1218 1346 mariti-

378 1371 390 1388 “
406 1379 478 1401 mas
500 1369 605 1401 facile
627 1368 907 1403 transuehuntur,
930 1367 1055 1409 quibus
1078 1378 1142 1409 per
1155 1377 1218 1399 nos

378 1423 497 1465 “ipsos
523 1422 687 1454 utilitates
710 1421 897 1464 querimus,
920 1420 1140 1453 conditiones
1163 1420 1216 1453 di-

377 1477 593 1519 “sponimus,
622 1475 807 1518 magistros
837 1474 1100 1517 inuestigamus,
1127 1473 1218 1507 bona

377 1532 392 1548 ⁴⁶
405 1529 642 1572 promictimus
658 1534 693 1561 et
708 1528 760 1560 eis
775 1538 862 1571 quos
878 1528 1005 1572 dignos
1021 1526 1218 1560 uidebimus

375 1581 390 1599 “
406 1582 551 1615 donaria
584 1581 815 1614 conferemus.
861 1580 943 1613 Illos
981 1580 1151 1624 siquidem
1182 1581 1217 1612 in

375 1637 390 1653 “
406 1641 592 1678 conspectu
630 1640 813 1678 parentum
858 1644 998 1667 suorum
1045 1635 1216 1677 ponimus,

376 1692 391 1708 ‘⁴
403 1702 424 1723 a
447 1690 562 1723 multis
585 1689 761 1722 laboribus
783 1688 979 1730 liberamus,
996 1699 1016 1721 a
1032 1688 1144 1732 longis
1158 1689 1218 1722 iti-

376 1746 390 1762 “
404 1744 541 1777 neribus
565 1750 599 1776 et
621 1745 719 1787 quasi
741 1743 1083 1787 peregrinationibus
1106 1742 1216 1775 absol-

376 1801 391 1817 “
403 1799 524 1831 nimus.
563 1798 645 1832 Illos
659 1803 751 1831 tutos
767 1797 914 1830 facimus
930 1797 973 1830 ab
990 1797 1123 1830 insidiis
1137 1807 1217 1840 pre-

375 1855 390 1871 “
405 1853 562 1886 datorum
586 1858 621 1884 et
644 1852 702 1896 qui
733 1851 972 1894 spoliabantur
1001 1850 1153 1884 fortunis
1183 1856 1218 1883 et

375 1908 390 1924 ⁴⁶
402 1906 506 1939 rebus
520 1906 590 1939 suis
605 1906 709 1950 longa
723 1911 892 1939 terrarum
905 1905 1016 1948 spatia
1029 1914 1218 1949 peragran-

373 1960 388 1976 “
402 1966 463 2000 tes,
493 1960 605 1992 scolas
634 1970 713 1992 suas
742 1959 930 1992 leuioribus
961 1959 1152 2002 sumptibus
1182 1964 1217 1992 et

374 2015 389 2031 ‘⁴
402 2013 502 2046 breui
525 2023 627 2046 cursu
651 2024 671 2045 a
695 2012 901 2047 liberalitate
920 2012 1064 2055 [nostra]
1079 2022 1116 2045 se
1131 2022 1216 2056 gau-

373 2066 388 2083 “
403 2067 507 2099 deant
530 2071 715 2099 assecutos.
761 2067 813 2099 De
836 2076 981 2099 numero
1010 2071 1124 2099 autem
1155 2075 1215 2109 pe-

375 2121 553 2160 “ritorum,
588 2131 674 2163 quos
706 2119 754 2153 ibi
788 2121 947 2153 duximus
978 2119 1216 2158 destinandos,

374 2175 581 2207 “mictemus
603 2175 803 2219 magistrum
833 2174 1039 2208 Roffridum
1074 2174 1119 2206 de
1149 2173 1215 2206 Be-

373 2230 388 2245 “
402 2234 552 2260 neuento
575 2229 725 2261 iudicem
750 2235 785 2262 et
800 2228 938 2261 fidelem
955 2233 1110 2261 nostrum
1128 2226 1214 2259 ciui-

374 2282 443 2314 “lis
476 2282 622 2315 scientie
656 2283 903 2324 professorem,
941 2282 1051 2315 uirum
1087 2290 1213 2323 magne

371 2335 385 2350 “
401 2335 545 2367 scientie
568 2343 602 2368 et
624 2343 704 2369 note
728 2336 842 2368 fidelis
858 2335 1088 2379 experientie,
1112 2344 1214 2377 quam

373 2390 388 2406 ⁴⁴
401 2395 517 2421 nostre
541 2399 678 2431 semper
700 2389 867 2422 exihibuit
884 2389 1068 2426 maiestati,
1085 2388 1129 2420 de
1145 2398 1214 2431 quo

373 2442 491 2474 “sicut
515 2444 559 2475 de
583 2443 699 2487 aliquo
723 2444 840 2487 Regni
863 2443 971 2476 nostri
1003 2442 1096 2476 fideli
1127 2442 1214 2475 fidu-

374 2497 388 2512 “
401 2495 489 2528 ciam
512 2498 666 2539 gerimus
689 2498 881 2540 pleniorem
899 2497 918 2530 ¹.
965 2496 1135 2529 Uolumus
1149 2495 1215 2528 ita—

374 2551 388 2566 “
401 2560 467 2592 que
492 2556 526 2582 et
549 2551 751 2583 mandamus
765 2550 865 2583 uobis
881 2550 1041 2583 omnibus
1057 2549 1117 2592 qui
1132 2558 1213 2592 pro-

457 2690 479 2708 2.
500 2685 575 2716 quod
594 2685 686 2710 invece
708 2685 738 2710 di
755 2692 825 2717 quos
845 2686 908 2710 Cod.
923 2693 936 2709 e
951 2683 1046 2709 GAun.
1059 2698 1092 2702 —
1106 2688 1149 2714 ²5·
1162 2689 1210 2715 pa-

369 2730 478 2753 rentum
491 2731 519 2754 et
533 2737 647 2754 suorum
663 2731 724 2755 Cod.
737 2739 750 2754 e
759 2729 855 2755 Gaul).
867 2743 901 2747 —-
911 2736 954 2761 40.
964 2728 1040 2753 fideli
1051 2737 1100 2753 om.
1112 2727 1209 2753 GAUD.

1285 835 1323 867 10

1286 1102 1322 1134 15

1281 1371 1323 1402 20

1280 1637 1321 1670 25

1279 1905 1321 1938 30

1279 2172 1320 2206 35

1279 2443 1320 2473 40

1377 354 1475 394 dusii,
1487 354 1562 397 ipse
1575 355 1620 387 ad
1632 354 1881 397 Imperatorem
1893 355 1927 387 in
1941 355 2096 388 Siciliam
2108 356 2219 399 uadit,

1377 408 1556 441 consilium
1583 407 1626 440 ab
1643 418 1685 441 eo
1701 414 1735 440 et
1751 407 1917 440 auxilium
1934 409 2113 451 petiturus.
2161 410 2218 442 In-

1375 467 1472 494 terea
1493 466 1610 494 tamen
1632 462 1707 504 ipse
1731 461 1936 494 Commiano
1953 463 2086 505 optinet
2101 463 2220 496 ciuita-

1375 520 1444 547 tem
1467 515 1588 557 ipsam,
1612 515 1671 547 diu
1701 525 1777 547 eam
1808 514 2013 554 obsidendo,
2042 521 2078 549 et
2107 517 2220 549 dictus

1376 569 1532 600 marchio
1555 568 1796 601 nichilominus
1819 579 1839 601 a
1870 569 2066 603 Brundusio
2087 571 2124 602 in
2146 569 2221 603 Ro-

1377 622 1524 654 maniam
1547 622 1759 655 transfretat.

1464 2689 1488 2715 5.
1507 2683 1698 2708 nihilominus
1717 2682 1814 2707 Panrz

1324 2854 1404 2879 berto
1416 2851 1458 2887 (?)]
1479 2854 1507 2878 di
1528 2854 1645 2878 Varano
1665 2853 1694 2878 di
1719 2853 1766 2877 cui
1792 2859 1849 2876 non
1874 2851 1982 2876 ricorre
2001 2851 2075 2876 altra
2095 2850 2216 2876 notizia.

1325 2897 1355 2922 Si
1377 2897 1432 2929 ρυὸ
1446 2904 1562 2929 pensare
1582 2896 1627 2920 col
1647 2895 1794 2920 Gaudenti
1806 2892 1860 2928 (La
1874 2895 2044 2919 costituziane
2059 2894 2089 2918 dr'
2104 2893 2217 2918 Feden'·

1326 2947 1354 2963 co
1371 2939 1456 2963 Helm
1471 2939 1601 2963 interdiu
1614 2939 1639 2962 lo
1654 2937 1748 2962 Studio
1769 2937 1919 2968 Bolognese
1934 2938 1964 2961 in
1978 2936 2045 2960 Arc
2053 2936 2080 2960 h.
2100 2935 2147 2960 St.
2165 2935 2215 2964 It..
2246 2931 2287 2960 1=¹⁷

1327 2981 1398 3005 serie
1411 2980 1444 3009 V,
1459 2981 1516 3004 vol.
1531 2987 1600 3010 xnu,
1616 2980 1742 3009 Firenze,
1759 2979 1824 3011 1908
1838 2986 1863 3010 p.
1877 2978 1940 3010 362)
1954 2979 2005 3002 che
2018 2977 2167 3002 l'lucarico
2186 2976 2217 3001 dt

1328 3023 1446 3048 sondare
1464 3031 1480 3048 e
1498 3030 1611 3056 reggere
1631 3030 1680 3055 per
1700 3022 1785 3047 alcun
1799 3024 1896 3055 tempo
1909 3018 2093 3046 l'universitt't
2112 3019 2142 3044 dl
2161 3019 2216 3044 Na·

476 2853 482 2869 ¹
502 2854 542 2878 La
568 2855 676 2879 lezione
702 2856 748 2880 del
774 2855 866 2880 “Chr.
890 2854 1015 2886 Priora„
1041 2853 1056 2879 'e
1082 2855 1174 2879 sicum
1198 2853 1232 2878 ed
1257 2851 1272 2878 ὲ

387 2898 469 2925 stata,
494 2904 510 2921 a
539 2899 664 2929 ragione,
692 2900 831 2922 accettata
860 2897 906 2922 dal
932 2897 1133 2921 Winkelmann
1159 2896 1273 2928 (Kaisar

343 2941 356 2967 5
386 2939 536 2970 Friedrich,
558 2942 587 2963 2⁸
604 2941 655 2969 ed„
665 2940 700 2971 ΙΙ,
714 2940 784 2973 232).
805 2939 840 2965 G.
854 2940 973 2964 Ferretti
989 2947 1023 2964 ne
1037 2939 1135 2963 dubita
1148 2946 1163 2963 e
1176 2945 1272 2971 pense-

386 2981 475 3011 rebbe,
495 2982 616 3006 secondo
637 2982 663 3006 la
684 2983 794 3006 lezione
814 2982 936 3006 d'alcuni
964 2981 1036 3007 Cod.
1060 2981 1088 3005 di
1108 2981 1172 3005 Pler
1197 2980 1272 3006 della

386 3022 478 3055 Vigna
492 3022 556 3055 (Ep.
570 3024 618 3053 111,
635 3031 682 3055 113
700 3024 1042 3055 Hummun-BnauoLLaS,
1055 3024 1090 3055 11,
1104 3023 1168 3057 450)
1178 3030 1194 3048 a
1205 3023 1272 3056 R[o-
