2320 3444
39 197 62 218 ³
114 214 199 252 [ΑΛ.
221 216 417 248 1222-1228]

901 210 1178 247 CHRONICA

55 370 61 375 .
113 341 195 374 cilia
215 342 252 374 in
273 342 436 384 Apuliam
452 342 558 381 uenit,
581 348 616 375 et
631 344 723 386 apud
746 341 950 385 Apricinam

62 410 63 414 =
112 394 228 427 natale
251 394 388 427 Domini
410 396 599 429 celebrauit
612 396 634 428 ¹.

58 531 72 547 2,-
199 499 466 534 M⁰CC0XX111⁰
481 502 565 544 [I]oh
571 513 678 535 annes
692 514 755 535 rex
770 503 952 535 lherosoli-

59 581 62 587 .
111 553 272 593 mitanus,
295 555 354 597 qui
371 556 414 588 de
437 555 507 587 filia
521 565 582 588 sua
604 566 684 588 cum
706 556 780 599 ipso
801 556 951 598 Impera-

55 615 68 621 ’
109 611 187 640 tore
213 608 398 646 contraxit,
421 608 568 641 ueniens
593 608 638 641 de
662 609 818 651 partibus
840 615 949 642 trans—

54 657 70 695 s,
110 660 250 693 marinis
266 670 345 693 cum
360 661 524 705 magistro
540 662 661 694 domus
673 661 863 704 Hospitalis
873 662 949 694 Ihe-

53 710 70 760 ‘J
109 714 346 753 rosolimitani,
377 725 440 757 per
470 715 615 748 Terram
647 715 794 748 Laboris
823 722 858 749 et
888 726 950 758 per

108 766 275 800 Sanctum
298 767 506 800 Germanum
529 769 596 800 iter
609 768 785 807 habentes,
800 769 948 802 Romam

44 828 68 868 j
109 821 243 854 uadunt
257 822 303 854 ad
318 820 493 854 dominum
509 832 647 864 papam,
662 822 722 864 qui
737 828 819 856 tunc
834 823 948 866 graui—

44 870 61 910 f
107 879 162 908 ter
175 875 372 917 patiebatur
387 875 423 908 in
439 885 549 908 crure.
575 874 646 913 Qui
661 875 853 908 honorifice
868 875 949 908 satis

54 931 60 963 .’
107 929 243 971 recepti
264 935 342 961 sunt
358 939 378 961 a
393 929 553 971 predicto
576 928 704 961 abbate
719 927 897 971 Stephano
914 934 950 961 et

44 974 60 1008 ’ζ’
107 981 290 1024 magnifice
302 982 478 1024 procurati
490 981 512 1014 ².
528 982 722 1024 Imperator
737 993 834 1015 suum
850 983 949 1015 festi-

55 1060 57 1064 .
106 1040 167 1066 nat
181 1044 358 1067 accessum
380 1041 415 1067 et
437 1035 482 1067 de
497 1034 625 1077 Apulia
641 1035 738 1068 uenit
753 1036 787 1068 in
803 1037 948 1069 Terram

54 1100 57 1101 ⁷
105 1087 254 1120 Laboris
281 1087 432 1131 indeque
463 1087 508 1121 ad
537 1086 703 1121 Sanctum
729 1089 948 1129 Germanum,

106 1141 190 1183 [ubi]
206 1151 285 1174 cum
301 1141 536 1175 cardinalibus
550 1142 625 1175 fieri
642 1143 853 1186 colloquium
869 1154 948 1186 spe-

48 1195 54 1210 *
103 1193 203 1228 rabat
214 1193 238 1227 3³.
250 1194 338 1228 Cum
349 1205 441 1238 papa
452 1201 596 1237 propter
606 1206 702 1228 suam
714 1197 947 1230 infirmitatem

51 1248 54 1257 “
104 1249 270 1282 interesse
293 1259 363 1282 non
384 1255 510 1292 posset,
526 1255 610 1282 tunc
632 1251 678 1283 ad
701 1251 948 1294 Imperatorem

43 1314 49 1342 ᾗ
92 1300 192 1335 'duo'
209 1301 252 1334 de
269 1302 503 1335 cardinalibus
516 1303 708 1336 uenienties
722 1304 767 1336 ad
783 1303 948 1338 Sanctum

50 1355 51 1358 ’
105 1354 315 1389 Germanum
345 1355 458 1399 ipsum
488 1356 523 1389 in
553 1357 776 1399 Campaniam
808 1359 950 1392 trahunt

41 1403 58 1454 J
105 1412 142 1441 et
162 1409 255 1451 apud
277 1409 522 1443 Ferrentinum
551 1410 691 1449 ducunt,
723 1410 782 1443 ubi
811 1412 949 1445 hortatu

35 1492 42 1507 ῃ,
105 1461 191 1494 dicti
221 1462 312 1506 regis
342 1462 610 1496 Ierosolimitani
633 1469 669 1497 et
698 1464 854 1509 magistri
886 1466 947 1499 do-

43 1517 47 1522 ⁴·
104 1525 180 1548 mus
194 1515 396 1558 Hospitalis,
412 1526 505 1559 papa
518 1522 673 1550 uenerat.
696 1516 819 1560 Ibique
836 1518 950 1552 dictus

102 1569 295 1612 Imperator
316 1569 407 1603 inter
428 1576 547 1603 cetera
570 1571 651 1604 hinc
673 1571 756 1604 inde
771 1574 950 1615 proposita

102 1622 229 1655 iurauit
250 1633 343 1666 pape
366 1624 507 1666 publice
529 1635 638 1668 usque
654 1625 701 1657 ad
718 1624 894 1658 biennium
911 1626 947 1658 in

102 1676 215 1710 Terre
238 1683 358 1711 sancte
381 1678 572 1711 subsidium
595 1680 801 1713 transietare
815 1680 840 1713 ⁴.

191 1730 322 1764 Uerum
344 1731 479 1765 abbatis
500 1731 696 1765 Casinensis
709 1739 862 1776 sumptus
878 1744 948 1767 ma-

56 1807 59 1812 ,
102 1784 250 1828 gnificos
287 1791 370 1818 tunc
407 1785 441 1818 in
486 1786 691 1828 receptione
730 1787 950 1829 Imperatoris

53 1829 56 1832 ’
103 1837 213 1881 ipsius
235 1843 270 1870 et
299 1838 412 1882 gentis
441 1849 501 1872 sue
531 1839 647 1873 factos
669 1851 850 1873 numerare
874 1841 949 1884 quis

62 1997 63 2001 ,
192 1981 218 2006 3.
230 1972 446 2000 M⁰CC⁰XXI11⁶
458 1975 553 2000 scritto
566 1977 596 2000 al
608 1976 732 2008 margine
743 1977 788 2000 uel
796 1977 948 2002 terzultimo

105 2018 168 2051 rigo
187 2018 219 2044 di
233 2027 256 2044 c.
275 2026 349 2051 133²·
367 2031 400 2037 —
420 2025 462 2044 πο.
480 2020 623 2045 honor-atu
644 2021 708 2046 Cod.

47 2176 50 2192 i
197 2151 204 2169 ¹
223 2153 338 2179 Partito
357 2154 434 2180 dalla
454 2155 558 2181 Sicilia
577 2163 625 2189 per
638 2156 665 2181 la
680 2157 727 2181 via
739 2156 770 2181 di
783 2155 917 2186 Catama,
930 2156 999 2181 Mes-

55 2227 60 2232 μ
105 2196 170 2220 alna
189 2203 203 2220 e
221 2195 340 2229 Reggio,
361 2197 391 2222 su
416 2205 432 2222 a
456 2198 584 2223 Brindisi
611 2199 688 2223 nella
713 2199 766 2223 iine
791 2199 820 2224 di
843 2199 957 2223 ottobre
983 2206 998 2223 a

47 2238 59 2259 ¹«
107 2237 231 2263 ritevere
250 2238 399 2264 Glovsnni
417 2241 446 2265 d·i
466 2241 597 2271 Brienne,
615 2241 734 2274 Pelagio
753 2241 883 2266 cardinal
904 2242 1000 2274 iegato

106 2287 121 2304 e
139 2279 162 2304 11
182 2282 305 2306 maestro
323 2281 402 2314 degli
415 2281 610 2314 OspedaiIeri:
627 2282 722 2307 Chron.
735 2284 769 2308 de
781 2283 859 2308 rebus
879 2284 1001 2313 Siciliae.

48 2346 51 2347 γ
107 2323 156 2347 cit.
192 2322 239 2347 Ad
263 2323 418 2356 Apricena,
442 2331 539 2357 presso
564 2325 683 2358 Fogg1a‚
709 2325 739 2350 su
766 2325 788 2350 11
813 2332 849 2350 20
872 2325 938 2355 XII3
965 2325 1001 2351 cf.

58 2379 59 2382 =
106 2363 454 2394 Hmuann—Bkssnoms,
472 2365 507 2395 11,
529 2373 575 2399 pp.
596 2366 705 2398 282-84.

195 2403 206 2422 ²
216 2405 242 2430 Il
259 2406 338 2437 1811,
356 2413 422 2439 1²²3
436 2406 585 2432 Giovanni
599 2408 628 2432 di
649 2409 772 2434 BrIenne
785 2408 816 2433 fu
830 2416 846 2433 a
860 2409 917 2434 San
931 2408 1001 2434 Ger-

47 2472 49 2474 ,
106 2454 192 2473 mano
211 2449 256 2473 col
276 2456 399 2474 vescovo
418 2449 447 2474 di
466 2450 655 2481 Hildeshelm,
668 2451 690 2475 il
705 2451 849 2483 patriarca
869 2452 898 2476 di
913 2451 1000 2477 Geru-

70 2495 71 2499 ’
107 2490 248 2520 salemme,
260 2491 271 2515 1
285 2493 400 2516 maestri
415 2491 461 2516 dei
473 2491 628 2525 Templari,
641 2492 719 2524 degli
733 2491 912 2526 OspedalIerl
927 2501 942 2518 e
955 2493 999 2518 dei

64 2549 74 2566 J
107 2531 272 2563 Teutonici,
290 2533 402 2559 l'arciv.
422 2533 450 2558 di
471 2534 675 2567 Magdebmgo,
688 2542 703 2559 e
717 2536 724 2559 i
742 2537 856 2560 vescovi
871 2536 901 2560 di
915 2537 1001 2561 Tren-

71 2572 73 2574 ’
107 2576 147 2604 to,
165 2575 287 2606 Breseia,
306 2576 507 2610 Brandeburgo
525 2578 558 2602 ed
579 2577 663 2602 altri:
686 2578 820 2608 Bonus-z,
842 2586 868 2602 n.
890 2583 966 2611 1447.

194 2615 206 2634 ⁸
224 2617 320 2644 Prima
339 2619 383 2644 dei
406 2618 437 2644 18
456 2618 490 2648 11,
512 2626 577 2652 1²²3
593 2620 728 2645 Federico
740 2619 767 2644 11
780 2627 795 2644 a
808 2620 835 2645 S.
855 2620 1000 2646 Germano

107 2660 253 2686 conformo
272 2662 283 2686 i
301 2662 438 2696 prlvilegi
459 2670 475 2687 a
488 2662 586 2688 Pietro
599 2670 722 2688 vescovo
736 2663 764 2688 di
779 2664 910 2688 BovIno:
927 2663 939 2676 ‘⁴
951 2665 999 2689 ubi

16 2715 18 2717 v
54 2723 56 2726 .
108 2702 210 2728 “inter
236 2705 328 2730 cetera
355 2713 409 2737 que
435 2705 608 2737 generaliter
633 2706 784 2730 statuimus
813 2706 1001 2738 observanda,

63 2750 67 2758 ¹
109 2743 123 2758 ⁸
134 2746 289 2780 privilegia
308 2748 405 2772 omnia
424 2755 476 2780 que
495 2748 530 2772 ab
550 2748 632 2773 obitu
646 2749 719 2780 regis
734 2748 884 2773 Gullielmi
898 2751 926 2773 et
940 2750 1001 2774 eius

61 2793 68 2806 ‘⁴
107 2785 262 2821 “tempore
279 2789 353 2814 bone
372 2791 515 2819 memorie,
534 2790 568 2815 ab
587 2799 620 2815 eo
640 2791 716 2815 facta
735 2790 779 2815 vei
801 2791 835 2815 ab
854 2791 914 2816 alio
933 2798 1002 2823 quo-

55 2837 60 2843 *
110 2828 125 2844 '¹
135 2837 261 2863 cumque,
274 2833 415 2865 resignari
429 2834 604 2866 precepimus
616 2851 629 2866 „
641 2841 646 2857 ι
660 2832 1002 2863 riurano-Eunomus,

16 2877 19 2880 ’
108 2871 142 2902 Π,
160 2880 188 2906 p.
206 2880 271 2906 315;
290 2874 427 2906 Βὸιικκκ,
447 2883 474 2900 n.
495 2880 572 2908 1445.

68 2939 73 2953 ἴ
197 2913 208 2930 ⁴
228 2915 252 2940 ll
272 2915 421 2948 colloquio
442 2924 456 2941 a
476 2917 632 2941 Ferentino
652 2917 721 2941 ebbe
741 2917 828 2950 luogo
848 2917 895 2942 nei
914 2918 1000 2950 primi

70 2956 77 2978 Ῑ
109 2956 138 2981 dl
157 2964 260 2982 marzo.
279 2958 416 2983 Federico
435 2959 462 2984 11
480 2961 597 2984 ottcnne
617 2959 663 2983 dal
686 2967 758 2991 papa
777 2966 833 2984 una
859 2962 934 2984 nesta
959 2960 1003 2984 di-

68 3002 89 3031 ξ
111 2998 226 3025 lazlone
254 3007 304 3034 per
329 3001 358 3026 la
383 3008 433 3027 sua
459 3003 580 3035 impresa
609 3002 637 3026 in
663 3002 844 3027 Terrasanta.
866 3002 900 3027 R.
926 3003 1002 3027 nella

1014 877 1052 908 10

1015 1144 1051 1178 15

1012 1415 1054 1446 20

1013 1681 1053 1714 25

1215 501 1472 534 M.CC.XXIII.
1503 502 1673 534 Iohannes
1687 511 1750 535 rex
1772 503 1956 536 Iherosoli-

1110 566 1241 587 morum
1268 554 1327 598 qui
1358 555 1577 596 postmodnm
1609 555 1652 587 de
1685 555 1753 588 filia
1783 566 1844 589 sua
1875 568 1953 590 cum

1108 607 1320 650 Imperatore
1342 608 1528 648 contraxit,
1552 609 1696 641 ueniens
1718 610 1763 642 de
1794 610 1953 652 partibus

1108 661 1343 693 transmarinis
1366 671 1445 693 cum
1470 661 1636 705 magistro
1653 663 1776 695 domus
1791 663 1954 707 Hospita-

1109 713 1149 745 lis
1173 713 1473 752 iherosolimitani,
1497 715 1647 748 Romam
1669 717 1804 750 uadunt
1818 719 1864 751 ad
1880 718 1955 751 Ho-

1109 767 1240 799 norium
1265 778 1401 810 papam,
1425 768 1485 811 qui
1508 775 1590 801 tunc
1619 770 1772 811 grauiter
1800 771 1955 812 patieba-

1108 826 1164 853 tur
1186 820 1221 852 in
1244 831 1356 854 crure.

1195 874 1389 916 Imperator
1412 875 1456 908 de
1480 875 1599 908 Sicilia
1615 877 1651 909 in
1667 877 1830 920 Apuliam
1849 880 1955 918 uenit,

1107 927 1190 959 inde
1206 927 1242 959 in
1257 928 1400 960 Terram
1416 929 1577 969 Laboris,
1601 936 1635 962 et
1659 931 1787 964 exinde
1804 933 1849 964 ad
1866 933 1955 966 San-

1109 987 1202 1013 ctum
1219 981 1439 1019 Germanum,
1455 982 1515 1014 ubi
1532 982 1608 1015 fieri
1625 993 1703 1015 cum
1721 985 1954 1018 cardinalibus

1109 1035 1317 1077 colloquium
1334 1035 1549 1076 sperabatur,
1565 1046 1642 1067 cum
1659 1037 1732 1079 ipse
1748 1048 1840 1080 papa
1850 1049 1954 1081 prop-

1108 1094 1161 1120 ter
1194 1099 1288 1120 suam
1320 1088 1549 1121 infirmitatem
1584 1091 1758 1134 colloquio
1789 1092 1955 1125 interesse

1108 1151 1177 1174 non
1201 1147 1324 1184 posset.
1371 1142 1473 1174 Tunc
1504 1148 1636 1175 tractus
1666 1155 1686 1176 a
1719 1145 1954 1178 cardinalibus

1109 1201 1160 1227 est
1192 1195 1226 1227 in
1261 1195 1488 1238 Campaniam
1526 1197 1728 1239 Imperator,
1759 1198 1817 1231 ubi
1851 1199 1954 1231 etiam

1110 1247 1245 1281 hortatu
1278 1249 1370 1292 regis
1404 1249 1700 1283 lherosolimitani
1735 1258 1770 1284 et
1798 1254 1953 1296 magistri

1108 1302 1231 1334 domus
1253 1301 1445 1344 Hospitalis
1467 1313 1504 1335 se
1529 1304 1677 1337 contulit
1698 1305 1773 1347 ipse
1797 1317 1899 1348 papa,
1922 1312 1955 1339 et

1108 1356 1202 1399 apud
1225 1356 1450 1388 Ferentinum
1474 1357 1606 1390 habens
1636 1368 1713 1390 cum
1743 1359 1954 1402 Imperatore

1109 1408 1329 1452 colloquium,
1345 1411 1502 1454 promisit
1517 1412 1658 1454 publice
1673 1423 1783 1456 usque
1799 1414 1844 1447 ad
1856 1413 1954 1446 bien-

1109 1463 1201 1495 nium
1216 1464 1251 1496 in
1268 1464 1380 1497 Terre
1404 1472 1522 1499 sancte
1546 1466 1737 1499 subsidium
1754 1468 1956 1499 transfreta-

1108 1527 1158 1555 re,
1172 1522 1207 1549 et
1221 1517 1325 1550 filiam
1342 1518 1427 1550 dicti
1442 1520 1535 1562 regis
1551 1519 1681 1552 ducere
1697 1520 1732 1551 in
1748 1530 1890 1553 uxorem
1905 1521 1955 1553 iu-

1107 1571 1209 1602 rauit.
1254 1569 1327 1609 Qui
1349 1578 1493 1614 accepta
1509 1582 1530 1604 a
1545 1583 1638 1615 papa
1659 1573 1802 1606 licentia
1825 1575 1859 1606 in
1883 1573 1955 1606 Re-

1108 1634 1214 1668 gnum
1236 1625 1378 1658 rediens
1407 1631 1442 1658 et
1470 1625 1537 1658 iter
1569 1636 1632 1668 per
1663 1626 1785 1659 Soram
1813 1627 1957 1665 habens,

1111 1677 1278 1711 Celanum
1301 1679 1409 1718 uadit,
1431 1679 1491 1712 ubi
1515 1680 1561 1712 ad
1583 1690 1620 1712 se
1644 1680 1854 1713 comitissam
1878 1682 1957 1714 Mo-

1108 1732 1187 1770 lisii,
1202 1743 1270 1776 que
1293 1733 1407 1766 adhuc
1431 1734 1467 1766 in
1490 1743 1599 1766 rocca
1613 1733 1803 1778 Magenulfi
1824 1744 1958 1767 reman-
2004 1750 2007 1754 ·

1109 1794 1213 1826 serat,
1227 1786 1350 1819 uenire
1366 1787 1512 1825 faciens,
1527 1798 1592 1820 nec
1609 1797 1677 1820 non
1694 1794 1729 1820 et
1751 1787 1855 1820 filium
1872 1788 1956 1827 eius,

1109 1839 1239 1883 alloqui
1260 1851 1324 1883 per
1355 1850 1431 1873 eam
1457 1841 1544 1873 fecit
1574 1841 1687 1884 ipsum
1718 1841 1890 1879 comitem,
1920 1847 1957 1874 ut

1201 1975 1242 2003 18.
1260 1977 1406 2002 commisit
1425 1985 1478 2002 non
1497 1977 1624 2002 contulit
1643 1977 1721 2002 Uen.

1051 2158 1144 2188 prima
1163 2156 1317 2181 redazione
1336 2157 1427 2182 omlse
1447 2157 1474 2181 la
1494 2164 1639 2190 promessa
1665 2157 1739 2182 satta
1760 2156 1951 2190 dall’lmpera-

1052 2201 1115 2224 tore
1134 2199 1163 2223 di
1183 2207 1300 2232 sposare
1320 2199 1442 2224 Isabella
1461 2199 1541 2232 figlia
1561 2200 1589 2224 di
1611 2199 1761 2224 Giovanni
1777 2200 1805 2223 di
1820 2200 1952 2224 Brienne.
1980 2202 2011 2228 25

1143 2240 1333 2266 “Fr-edericus
1353 2241 1550 2266 Romanorum
1571 2242 1728 2274 imperator
1747 2243 1832 2274 signo
1853 2243 1944 2266 crucis

1056 2283 1227 2316 “assumpto
1247 2284 1327 2308 ducit
1346 2291 1464 2308 uxorem
1484 2291 1533 2315 per
1548 2284 1631 2308 verba
1645 2284 1679 2308 de
1691 2284 1817 2316 presenti
1837 2284 1952 2308 unicam

1057 2325 1170 2351 “filiam
1195 2326 1288 2360 ipsius
1306 2326 1382 2359 regis
1401 2327 1646 2356 ierosolimorum,
1665 2329 1693 2351 et
1711 2326 1766 2351 hoc
1787 2327 1949 2351 iuramento

1054 2369 1067 2382 ⁴¹
1079 2369 1199 2393 affirmat
1219 2376 1314 2394 coram
1334 2377 1406 2402 papa
1425 2369 1566 2394 Honorio.
1599 2369 1685 2393 Anno
1704 2371 1799 2393 autem
1818 2369 1947 2401 sequenti

1056 2410 1261 2436 “celebrantur
1280 2413 1381 2444 nuptIe
1401 2411 1600 2444 sollempniter
1614 2413 1690 2435 inter
1708 2419 1797 2442 eos„:
1818 2411 1947 2435 vmezs-
1980 2418 2015 2443 30

1051 2459 1097 2478 'ru
1121 2454 1373 2483 ΒκιιονΑοεΝοιε,
1397 2454 1559 2479 Memoriale
1585 2454 1698 2479 omnium
1723 2457 1878 2484 temporum.
1904 2453 1947 2477 ed.

1055 2495 1089 2520 O.
1108 2495 1231 2521 Honnaa
1252 2496 1356 2521 Eooan
1378 2497 1408 2520 in
1435 2497 1577 2527 Speculum
1603 2497 1751 2524 historiale,
1776 2495 1815 2519 M.
1847 2497 1876 2519 G.
1906 2496 1951 2525 ll..

1054 2537 1115 2567 SS.‚
1137 2537 1236 2567 XXIV,
1262 2546 1290 2571 p.
1312 2537 1370 2562 166.
1408 2537 1496 2562 Forse
1522 2538 1544 2562 il
1566 2543 1597 2570 27
1616 2537 1663 2569 1v‚
1685 2537 1798 2562 Onorio
1817 2537 1865 2564 ΙΙΙ,
1886 2537 1951 2561 rise-

1055 2579 1145 2604 rendo
1165 2586 1182 2604 a
1194 2579 1316 2613 Filippo
1337 2587 1365 2604 re
1385 2579 1413 2604 di
1434 2580 1565 2610 Francia,
1581 2580 1609 2604 al
1624 2587 1652 2604 re
1665 2579 1839 2612 d’Ungheria
1853 2586 1868 2603 e
1881 2578 1952 2602 d'in—

1054 2622 1195 2654 ghllterra
1214 2630 1228 2646 e
1241 2622 1276 2647 ad
1298 2623 1376 2654 altri,
1398 2623 1420 2646 11
1441 2622 1590 2653 colloquio
1603 2623 1691 2646 avuto
1706 2630 1757 2646 con
1773 2622 1908 2645 Federico
1926 2620 1954 2645 11
1979 2629 2011 2655 35

1055 2678 1088 2683 —
1108 2666 1233 2697 presenti
1255 2665 1382 2689 Raduii'o
1409 2666 1552 2697 patriarca
1578 2672 1592 2688 e
1618 2664 1640 2688 ll
1668 2672 1695 2688 re
1721 2663 1748 2687 di
1775 2662 1952 2688 Gerusalem·

1055 2715 1106 2738 me,
1128 2706 1260 2732 Rainieri
1281 2714 1403 2731 vescovo
1418 2707 1448 2731 di
1463 2706 1599 2735 Bethlem,
1614 2704 1745 2731 Guarino
1759 2707 1881 2730 maestro
1894 2705 1951 2730 del·

1054 2749 1228 2782 l’Ospedale.
1247 2749 1394 2773 Ermanno
1414 2749 1442 2773 dl
1463 2748 1542 2773 Saltz
1562 2749 1721 2781 precettore
1741 2748 1784 2772 dei
1805 2748 1952 2780 Templari

1055 2798 1070 2816 e
1090 2793 1210 2816 maestro
1236 2791 1281 2815 dei
1308 2791 1446 2822 Teutoni,
1472 2790 1505 2814 ed
1530 2790 1598 2814 altri
1620 2803 1661 2818 —,
1682 2790 1868 2814 comunicava
1887 2789 1952 2814 loro

1055 2833 1152 2858 d’aver
1172 2833 1309 2858 Federlco
1329 2840 1474 2866 promesso
1495 2833 1523 2857 di
1545 2833 1667 2856 trovarsi
1689 2832 1719 2856 in
1734 2831 1823 2857 Terra
1835 2834 1918 2857 santa
1938 2840 1952 2857 a
1979 2841 2013 2867 40

1056 2883 1126 2907 capo
1146 2875 1211 2900 d'un
1238 2877 1369 2905 eseresto,
1396 2882 1454 2899 non
1475 2875 1551 2906 dopo
1570 2874 1598 2898 la
1618 2874 1690 2898 {esta
1711 2874 1740 2898 di
1759 2874 1814 2899 San
1835 2873 1951 2899 Gioviin

1055 2919 1180 2943 Battista
1206 2918 1251 2942 nel
1278 2919 1421 2950 prossimo
1448 2917 1576 2947 biennio,
1603 2924 1617 2940 e
1643 2915 1739 2940 d’aver
1763 2917 1878 2949 giurato
1897 2917 1952 2942 “se

1058 2963 1070 2974 ‘¹
1082 2962 1231 2984 (lucturum
1250 2962 1279 2985 ln
1301 2967 1418 2984 uxorem
1438 2959 1597 2991 legitimam
1620 2959 1694 2990 regis
1707 2958 1831 2983 ciusdem
1846 2957 1951 2992 (lhero-

1059 3002 1072 3016 “
1084 3000 1283 3035 solimorum).
1297 3018 1339 3026 ...
1350 3010 1379 3033 „;
1403 3001 1438 3025 cs.
1458 3000 1648 3029 Romnum,
1667 3000 1687 3031 1,
1707 3007 1753 3034 pp.
1774 3006 1882 3033 152-55.

1882 208 1950 248 107
1982 220 2057 245 Mun..
2068 226 2102 241 ce.
2117 222 2193 246 995-96

1983 1361 2124 1385 colloquium
2132 1361 2192 1384 pape

1982 1395 2032 1409 cum
2042 1388 2111 1412 Imper
2117 1389 2190 1408 afore.
