2320 3444
297 2434 328 2452 10

297 2646 326 2672 15

295 2855 328 2873 20

368 351 540 385 Casinum.
565 352 626 385 Set
642 363 743 395 quam
761 352 959 395 magnificas
976 358 1011 384 et
1032 358 1204 395 sumptuo-

366 416 421 438 sas
443 412 525 438 tunc
548 406 658 438 dictus
681 405 788 438 abbas
817 404 1014 447 Stephanus
1037 415 1205 448 expensas

366 458 490 492 fecerit
520 458 554 489 in
585 468 703 491 eorum
734 458 947 500 receptione,
985 463 1106 501 utpote
1144 460 1203 502 qui

364 512 520 555 gentium
543 511 795 544 multitudinem
820 517 854 544 et
884 521 1052 554 equorum
1076 512 1112 543 in
1135 513 1205 545 sin-

363 565 454 609 gulis
470 564 663 607 quibusque
687 564 891 597 necessariis
913 575 1018 597 manu
1040 565 1204 598 munifica

363 618 456 650 nisus
479 623 530 650 est
552 627 750 659 procurare,
766 617 878 650 omnis
901 617 959 661 qui
975 628 1095 650 sanum
1112 618 1206 661 sapit

363 672 431 704 hoc
455 670 637 703 aduertere
660 670 763 712 plene
794 676 924 713 potest;
954 670 1034 704 ideo
1059 681 1203 704 necesse

363 734 431 756 non
446 723 513 756 fuit
528 722 652 756 talibus
666 723 852 757 immorari.
876 724 980 756 Tunc
994 723 1088 767 apud
1103 735 1203 758 sanc-

362 783 433 810 tum
450 777 659 810 Germanum
674 777 870 810 Landulfus
886 778 931 810 de
954 776 1097 820 Aquino
1114 777 1205 811 filius

363 830 492 863 domini
516 829 682 874 Aymonis
704 841 767 873 per
790 830 1036 873 imperatorem
1060 830 1204 864 iustitia-

362 883 433 915 rius
463 883 578 915 factus
608 889 661 916 est
689 884 800 916 Terre
830 883 978 916 Laboris
991 886 1012 917 ¹.
1043 885 1201 917 Mensam

361 947 579 981 campsorum
609 942 644 970 et
673 937 728 970 ius
756 938 943 981 sanguinis,
974 938 1070 981 quod
1093 949 1203 982 usque

360 996 442 1024 tunc
482 990 605 1024 habuit
626 990 825 1024 Casinensis
861 991 1012 1023 ecclesia
1049 991 1094 1024 de
1132 997 1204 1024 tota

360 1050 451 1077 terra
473 1054 534 1077 sua
550 1054 594 1077 ex
617 1044 841 1077 concessione
858 1044 1002 1077 Henrici
1018 1045 1126 1087 patris
1141 1045 1202 1084 sui,

359 1104 503 1131 reuocat
524 1097 712 1140 imperator
734 1097 768 1129 in
786 1098 981 1130 demanium
998 1108 1096 1130 suum
1108 1097 1140 1136 '3
1158 1098 1203 1130 si·

360 1150 489 1184 militer
503 1150 662 1184 Suessam
674 1149 698 1189 ³,
721 1151 879 1184 Teanum
903 1157 938 1183 et
960 1161 1100 1184 roccam
1115 1152 1203 1184 Dra-

360 1204 457 1237 conis
480 1204 606 1246 recipit
629 1215 649 1236 a
673 1205 800 1237 comite
817 1204 974 1247 Rogerio
992 1205 1036 1237 de
1060 1203 1201 1249 Aquila.

358 1257 565 1300 Imperatrix
595 1258 696 1290 simul
725 1258 825 1290 uadit
848 1257 1022 1297 Suessam,
1050 1258 1201 1302 impera-

359 1318 415 1345 tor
438 1311 609 1354 Capuam;
633 1310 692 1344 ubi
714 1310 832 1344 habita
849 1312 944 1343 curia
966 1312 1122 1356 generali
1137 1323 1202 1356 pro

359 1365 455 1398 facto
470 1364 569 1408 regni
581 1364 604 1403 ⁴,
619 1365 832 1407 subscriptas
857 1364 969 1398 edidit
992 1365 1200 1407 sanctiones,

359 1423 394 1451 et
417 1417 541 1450 exinde
565 1417 748 1461 Neapolim
772 1418 882 1458 uadit,
907 1424 942 1451 et
972 1430 1116 1453 reuerso
1139 1420 1202 1454 ite-

358 1482 432 1503 rum
456 1471 622 1515 Capuam,
643 1470 804 1504 Suessam
827 1472 934 1505 uenit.

451 1526 466 1542 ‘⁴
479 1524 519 1568 [I]
531 1525 704 1568 Imprimis
716 1525 928 1568 precipimus
943 1527 1102 1560 omnibus
1113 1528 1199 1561 fide-

363 1577 488 1617 “libus,
519 1579 688 1612 uidelicet
711 1579 854 1622 prelatis
876 1579 1114 1620 ecclesiarum,
1140 1592 1200 1615 co-

363 1632 540 1671 “mitibus,
564 1631 750 1665 baronibus
785 1632 1003 1677 ciuibusque,
1033 1635 1135 1667 terris
1165 1642 1200 1669 et

361 1686 544 1719 “omnibus
582 1686 626 1719 de
649 1697 758 1730 regno
789 1693 907 1719 nostro
939 1697 1059 1720 omnes
1089 1688 1200 1723 bonos

361 1741 468 1772 “usus
491 1746 527 1773 et
550 1740 832 1779 consuetudines,
855 1741 979 1783 quibus
1009 1751 1198 1776 consueue-

361 1795 375 1811 “
388 1798 467 1826 runt
478 1793 596 1826 uiuere
612 1799 767 1836 tempore
780 1793 871 1838 regis
886 1794 1077 1836 Guillelmi‚
1093 1797 1199 1830 firmi-

361 1849 376 1865 “
388 1853 441 1880 ter
456 1846 632 1880 obseruari
645 1850 667 1880 ⁵.

443 1982 468 2009 6.
487 1985 566 2009 nisus
585 1986 628 2009 est
652 1987 703 2015 est,
727 1986 905 2018 quest’ultimo
929 1988 1107 2018 suprascritto
1134 1989 1198 2015 Coa.

356 2042 388 2046 —
411 2036 451 2062 ¹3·
470 2029 575 2055 Caslne
595 2030 659 2055 Cod.
679 2043 711 2048 —
731 2036 774 2063 25.
792 2031 906 2056 civibus
925 2031 1021 2057 Gum-

443 2131 451 2148 ¹
470 2132 508 2157 Di
529 2132 672 2158 Landolfo
698 2134 854 2167 d'Aquino,
881 2135 964 2168 figlio
983 2135 1147 2168 d’Aimone,
1173 2144 1252 2161 come

355 2174 523 2206 giustiziere
543 2183 600 2200 non
615 2176 637 2200 si
653 2176 688 2200 ha
703 2176 793 2201 finora
809 2177 882 2202 altra
895 2178 1014 2203 notizia.
1051 2168 1074 2203 1⁸⁴:
1092 2180 1170 2204 certo
1184 2178 1252 2212 pere

356 2217 406 2242 che
425 2217 446 2241 il
468 2217 500 2242 18
522 2218 556 2248 V,
584 2225 647 2250 1231
670 2219 701 2243 in
720 2220 808 2244 Terra
827 2220 855 2244 di
876 2221 989 2246 Lavoro
1015 2228 1062 2246 era
1086 2221 1253 2253 glusttziere

355 2267 394 2284 un
414 2258 564 2293 R(oberto)
587 2261 732 2293 d'Aquino
753 2263 872 2287 {naleme
891 2270 945 2288 con
968 2263 1068 2288 Ettore
1087 2265 1116 2289 di
1137 2264 1250 2290 Monte·

357 2302 479 2331 suscolo3
506 2303 542 2327 cf.
567 2303 793 2336 WxNxELMANN‚
818 2305 889 2330 Acta
914 2306 1023 2336 imperii
1053 2306 1164 2338 inedita,
1189 2308 1248 2338 cit„

357 2342 433 2375 1880,
453 2352 480 2376 p.
499 2343 564 2375 6113
590 2346 721 2377 Excerpta
742 2347 937 2379 MassiHemia,
963 2356 991 2373 n.
1018 2355 1076 2381 149.
1113 2348 1147 2374 R.
1167 2349 1248 2381 pan-12

355 2386 383 2410 di
405 2386 457 2410 due
475 2394 490 2411 e
511 2387 585 2411 forse
603 2388 646 2412 tre
658 2388 806 2413 Landolfo
826 2389 989 2422 d’Aquinox
1008 2398 1054 2415 an.
1076 2397 1153 2424 1197,
1171 2391 1247 2416 Lan-

356 2427 437 2452 dolfo
458 2428 478 2452 il
498 2436 581 2453 servo
595 2429 733 2462 Aquinog
753 2438 796 2455 an.
814 2438 889 2461 1220,
902 2431 1049 2457 Landolfo
1068 2432 1147 2465 figlio
1167 2433 1247 2458 d'Al-

355 2478 451 2500 mone;
478 2479 523 2496 an.
549 2478 624 2504 1229,
648 2473 795 2498 Landolfo
821 2475 902 2507 figlio
928 2475 959 2500 di
984 2476 1137 2502 Tommaso
1164 2478 1248 2501 conte

355 2513 496 2543 d'Acena,
516 2517 638 2539 maesti-o
657 2517 820 2548 giustiziere
837 2525 851 2541 e
870 2518 920 2550 poi
934 2518 1070 2550 capitano
1089 2519 1134 2543 del
1149 2527 1246 2552 regno.

356 2555 421 2579 Non
443 2554 457 2580 ὲ
485 2556 674 2588 improbabile
703 2558 753 2583 che
778 2559 800 2583 il
829 2559 909 2592 figlio
939 2560 1094 2585 d’Aimone
1114 2562 1156 2586 sia
1182 2562 1245 2593 quel

357 2597 426 2622 “vir
447 2598 585 2631 nobilis‚„
613 2600 659 2624 dal
679 2601 762 2632 quale
781 2600 885 2626 l’abate
904 2601 1052 2627 Landolso
1079 2603 1108 2628 dl
1135 2603 1247 2629 Monte-

354 2641 466 2665 casslno
484 2641 553 2666 ebbe
579 2643 658 2666 venti
685 2650 756 2667 once
781 2643 861 2668 d'oro
888 2651 937 2677 per
962 2646 987 2669 la
1015 2645 1143 2670 rabbi-ica
1170 2646 1245 2671 della

353 2683 432 2707 curia
450 2683 579 2708 abaziale
592 2691 606 2708 e
625 2691 674 2716 per
693 2686 820 2718 riparare
833 2687 887 2711 due
901 2687 1015 2717 mullni,
1029 2689 1112 2712 tanto
1132 2687 1182 2721 piu
1194 2689 1246 2714 che

354 2725 589 2758 nell’Appendice
615 2727 643 2751 al
671 2728 791 2760 Regesto
811 2729 840 2753 di
863 2727 1016 2754 ΤοΜΜΑεο
1041 2731 1151 2755 Decano
1175 2728 1246 2764 (clt.,

354 2773 400 2798 pp.
418 2765 462 2798 67,
480 2774 530 2799 313
551 2776 564 2792 e
583 2768 656 2801 314),
674 2770 732 2801 egli
751 2768 766 2794 ὲ
784 2770 873 2801 detto,
893 2769 906 2783 ⁰
920 2770 996 2796 filius
1015 2773 1158 2803 quondam
1172 2773 1247 2798 bone

356 2808 511 2833 “memorie
524 2810 698 2842 Aymonls„.
711 2811 798 2837 Nulla
809 2814 833 2837 ci
849 2813 997 2838 autorizza
1008 2820 1024 2838 a
1034 2813 1154 2844 credere,
1166 2822 1246 2840 come

355 2849 380 2874 si
398 2848 412 2874 ὲ
431 2851 517 2879 detto,
538 2852 587 2876 che
608 2853 629 2876 11
649 2853 825 2879 benefattore
839 2855 870 2879 dl
882 2854 1100 2880 Montecassino
1114 2858 1157 2881 sia
1171 2858 1246 2882 stato

355 2892 377 2916 il
395 2893 481 2924 padre
499 2893 529 2918 di
548 2894 574 2919 S.
600 2893 761 2925 Tommaso,
789 2898 888 2922 invece
913 2898 1057 2923 dell’altro
1084 2899 1134 2923 che
1161 2899 1190 2924 fu
1210 2900 1246 2925 da

354 2934 488 2959 Federico
507 2935 533 2959 11
553 2937 597 2961 nel
621 2943 688 2962 1220
707 2939 857 2964 nominato
877 2940 1045 2972 giustiziere
1064 2941 1093 2966 di
1108 2941 1196 2967 Terra
1215 2942 1244 2967 dl

354 2975 477 3003 Lavom.

441 3018 452 3036 ²
470 3020 575 3046 Enrico
604 3023 642 3048 VI
669 3024 834 3051 concedette
862 3024 980 3052 “mensa
1011 3034 1190 3062 campsorum
1215 3029 1243 3054 et

827 220 1105 256 RYCCARDI
1133 221 1203 256 DE
1232 220 1442 258 SANCTO
1471 222 1741 259 GERMANO

2039 230 2090 268 [A.
2111 232 2206 267 ¹²2⁰!

1270 836 1308 868 10

1269 1103 1306 1136 15

1263 1373 1306 1405 20

1263 1638 1303 1672 25

1306 2137 1375 2162 “ius
1394 2137 1544 2171 sanguinis
1555 2155 1578 2170 „.
2226 2146 2260 2174 ²5
2285 2146 2287 2151 ·
2316 2126 2319 2159 ἶ

1394 2178 1406 2196 ⁸
1424 2180 1448 2204 11
1470 2181 1615 2205 δῆταμὴ-οη
1638 2181 1809 2212 Suessanum,
1833 2186 1875 2213 op.
1895 2182 1949 2212 cit„
1967 2189 1996 2216 p.
2015 2187 2076 2216 ²¹⁷,
2095 2183 2124 2208 fn
2145 2190 2203 2209 cte·
2316 2178 2319 2186 ⁸

1307 2223 1372 2247 dere
1391 2222 1443 2247 che
1462 2222 1489 2247 ln
1509 2224 1636 2248 cessione
1655 2223 1683 2248 di
1703 2223 1785 2249 Sessa
1804 2232 1819 2249 e
1837 2224 1913 2250 delle
1926 2225 1999 2250 altre
2017 2226 2091 2250 terre
2103 2231 2202 2251 conue-

1302 2266 1389 2297 gnate
1407 2265 1444 2290 da
1462 2264 1608 2299 Ruggiero
1621 2267 1707 2290 conte
1727 2267 1864 2299 d’Aquila
1882 2267 1927 2292 sia
1946 2269 2089 2293 nvvenutn
2107 2261 2201 2302 prima

1302 2308 1353 2332 che
1371 2307 1564 2340 l’lmperatore
1584 2308 1608 2333 sl
1634 2308 1711 2333 fosse
1736 2311 1833 2334 recato
1851 2317 1866 2334 a
1893 2309 2125 2336 Montecasuinoz
2142 2309 2199 2336 ‘Iu

1305 2348 1319 2362 ¹¹
1332 2349 1378 2374 die
1397 2350 1489 2374 sancti
1509 2349 1655 2375 Ambrosii
1672 2350 1699 2384 (7
1719 2350 1784 2382 XII)
1798 2350 1873 2376 idem
1896 2351 2032 2377 dominu·
2044 2352 2202 2386 imperator
2223 2356 2261 2385 3ο
2285 2359 2287 2362 ·

1304 2391 1318 2405 ‘⁴
1328 2392 1468 2417 introlvit
1486 2393 1635 2418 civitatem
1654 2393 1755 2418 Suesse
1773 2401 1857 2426 quarn
1883 2395 2062 2427 recuperavit
2085 2394 2119 2420 ln
2136 2395 2201 2422 eiu!

1302 2434 1317 2448 ⁸
1329 2435 1492 2459 dominium
1511 2437 1539 2460 et
1557 2436 1664 2461 ibidem
1682 2437 1766 2461 stetit
1784 2443 1834 2469 per
1852 2438 1909 2462 tres
1927 2437 1988 2462 dies
2000 2453 2025 2469 ,.

1388 2475 1398 2493 ⁴
1418 2477 1504 2502 Deua
1522 2477 1611 2503 Cui-la
1636 2479 1768 2511 generale
1792 2479 1820 2503 di
1842 2478 1941 2512 Capua
1966 2486 2026 2505 non
2047 2480 2198 2514 {applano

1300 2519 1330 2544 la
1347 2519 1413 2545 data
1433 2520 1550 2552 precisa,
1580 2528 1625 2546 mn
1645 2519 1659 2546 ὲ
1687 2521 1783 2546 slcuro
1813 2521 1926 2547 ch’ebbe
1950 2522 2038 2556 luogo
2057 2522 2136 2548 nelle
2154 2529 2198 2549 se-

1300 2562 1392 2586 cond:
1412 2559 1486 2587 meta
1505 2562 1550 2587 del
1571 2563 1712 2588 dicembre
1735 2570 1811 2588 1220.
1849 2563 1939 2589 Mem
1958 2563 2082 2597 diplomi
2101 2564 2132 2590 dl
2146 2564 2198 2590 Fo-

1300 2604 1398 2629 derlco
1415 2604 1442 2629 11
1459 2611 1532 2630 sono
1552 2605 1614 2631 dati
1635 2607 1667 2630 in
1686 2606 1797 2640 Napoll
1816 2606 1863 2631 nel
1881 2613 1946 2640 gen.
1962 2612 2028 2632 1221
2046 2606 2138 2640 “poet
2150 2613 2198 2632 cu·

1302 2645 1316 2659 “
1327 2646 1399 2671 rlam
1413 2645 1578 2680 Capuanum
1587 2665 1611 2679 ,,,
1625 2655 1642 2672 ο
1658 2646 1672 2660 “
1682 2650 1749 2680 post
1763 2648 1872 2673 curIam
1885 2648 1982 2681 Capue
1996 2648 2198 2682 sollempniter

1300 2687 1314 2701 “
1326 2689 1539 2722 celebratam„;
1571 2690 1607 2715 cf.
1640 2689 1988 2722 Huxnmnn-annonmffi
2020 2692 2095 2717 Hist.
2119 2690 2197 2724 dipl..

1301 2736 1325 2760 2,
1347 2737 1440 2763 ica-43
1458 2731 1792 2758 Scuzrrsn-Borcnonsr
1817 2733 1959 2759 Urkunden
1978 2734 2034 2758 und
2049 2734 2196 2759 Fortem·
2274 2753 2284 2771 3

1295 2781 1361 2806 gen,
1380 2774 1429 2799 cit.
1449 2775 1478 2798 ln
1498 2774 1621 2800 Neues
1640 2775 1801 2805 Archlv.‚
1820 2774 1936 2806 XXVII,
1956 2783 1983 2808 p.
1996 2781 2040 2809 97.
2070 2775 2104 2800 R.
2119 2775 2198 2802 nella
2223 2782 2261 2810 40
2280 2790 2282 2794 ν

1299 2815 1424 2840 seconde
1442 2816 1594 2842 redazione
1614 2817 1694 2851 parla
1719 2818 1748 2842 di
1768 2818 1849 2842 venti
1870 2818 1994 2851 capitoli
2013 2818 2042 2843 dl
2065 2816 2079 2831 ⁶
2093 2817 2196 2844 nnelsle
2278 2814 2280 2819 '
2315 2820 2317 2825 ‘

1301 2856 1455 2891 “Regni„
1474 2866 1488 2883 e
1507 2861 1584 2885 tanti
1606 2868 1641 2885 ne
1665 2861 1786 2893 riperta,
1811 2867 1897 2885 senza
1922 2859 2005 2886 dirue
2028 2860 2052 2886 n
2078 2867 2196 2886 numero

1299 2901 1489 2934 complesslvo
1509 2902 1556 2927 nel
1577 2903 1639 2928 Chr.
1659 2903 1771 2928 Priora.

1385 2940 1396 2958 ³
1416 2943 1470 2968 Nel
1490 2944 1622 2969 Proemlo
1641 2944 1717 2970 delle
1735 2942 1933 2970 Costituzloni
1953 2944 2000 2970 del
2021 2951 2087 2978 1231
2108 2943 2195 2970 Pede·

1298 2986 1358 3010 rieo
1378 2985 1402 3010 si
1422 2985 1568 3018 richlama,
1589 2994 1648 3012 non
1667 2987 1731 3012 solo
1749 2986 1810 3020 agli
1827 2986 1873 3012 usi
1885 2994 1900 3012 e
1919 2987 1975 3012 alle
1987 2987 2194 3012 consuetudini
2221 2993 2256 3022 45
2286 2988 2287 2994 ¹

1298 3028 1343 3054 del
1364 3030 1459 3064 tempo
1486 3030 1513 3054 (11
1542 3037 1570 3055 re
1589 3029 1766 3064 GugHelmo,
1786 3038 1831 3065 ma
1856 3037 1873 3056 a
1892 3031 1966 3057 tutte
1985 3030 2011 3055 le
2032 3030 2194 3064 precedenti

2223 2570 2258 2600 ss
2280 2575 2286 2615 j
