2320 3444
55 213 57 217 “
115 223 167 260 [Α.
187 224 281 258 1225]

889 220 1177 256 CHRONICA

44 375 59 398 3¹
193 349 368 383 Honorius
381 362 474 393 papa
485 351 618 384 Urbem
634 352 811 396 egreditur
826 362 944 385 mense

46 411 49 451 ’-
105 403 209 440 Maii;
229 403 274 436 ad
296 414 400 447 quem
422 405 516 447 apud
533 405 644 438 Tibur
659 415 724 448 pro
747 405 945 438 differendo

57 459 60 463 '
105 456 264 500 passagio
285 457 360 499 ipse
390 458 579 500 Imperator
600 469 715 502 regem
739 459 945 491 Ierosolimi-

103 515 222 544 tanum
245 516 280 543 et
302 511 532 553 patriarcham
548 511 556 529 ¹
573 512 709 556 legatos
725 511 870 549 miserit3
887 512 946 554 qui

42 566 56 609 {J
103 563 198 606 apud
221 563 334 596 Reate
357 574 527 606 accepere
558 575 773 607 responsum.
811 565 946 597 Interea

55 614 57 616 ’
105 614 294 659 Imperator
316 617 495 651 uniuersos
516 618 666 660 prelatos
689 618 804 661 Regni
826 618 879 650 sui
896 624 946 651 at-

106 678 173 713 que
197 668 344 703 barones
366 681 429 713 per
451 670 633 714 generales
657 670 794 703 lieteras
817 681 946 704 conuo-

48 723 55 749 7'
105 728 173 761 cat,
195 733 340 765 quarum
361 729 462 756 tenor
482 724 561 756 talis
583 730 645 757 est.

199 777 213 793 '⁴
227 775 436 809 Fredericus
459 782 494 809 et
523 783 653 816 cetera,
685 777 813 810 Abbati
845 777 945 810 Casi-

114 2486 176 2518 “in
207 2485 363 2518 absentia
395 2495 466 2518 non
495 2491 671 2518 remaneat
702 2486 847 2519 materia
870 2497 953 2519 con-

52 2555 65 2561 »-
115 2539 130 2557 “
142 2538 325 2583 querendi.

197 2703 222 2728 4.
242 2695 322 2720 misit
342 2694 438 2720 GAun.
458 2708 491 2712 —
512 2701 536 2727 5.
556 2695 684 2727 accipere
712 2695 776 2719 Cod.
802 2708 834 2712 -
863 2700 954 2720 11-12.

109 2739 216 2764 eminet
233 2739 332 2764 vicino
352 2738 447 2764 Gaun.
467 2751 501 2758 —
515 2738 556 2763 26.
571 2739 680 2763 nostris
700 2747 793 2763 manca
812 2738 906 2764 Gaui).
921 2752 953 2757 —-

50 2800 53 2802 -
110 2782 152 2809 28.
172 2783 264 2808 balles
283 2782 381 2809 Gaun.
401 2797 434 2801 —
453 2783 496 2816 36.
517 2783 652 2807 molestas
678 2781 776 2807 GAun.
800 2796 833 2801 —
857 2782 900 2815 38.
925 2785 955 2807 at

56 2827 58 2829 ’
109 2826 208 2853 hablta
227 2829 338 2853 notltla
355 2828 520 2853 eorumdem
539 2827 636 2852 Gaun.

1103 359 1157 386 tos
1179 353 1223 386 ad
1246 363 1283 385 se
1305 353 1342 384 in
1364 351 1527 395 Apuliam
1550 357 1664 391 uocat,
1687 356 1723 384 et
1745 361 1805 383 eos
1828 361 1948 394 quam-

1104 417 1206 449 quam
1229 406 1354 439 inuitos
1376 406 1509 438 tamdiu
1524 416 1642 439 secum
1659 404 1819 443 detinuit,
1836 404 1949 437 donec

1103 470 1167 502 per
1188 461 1284 502 ipsos
1312 469 1432 503 regem
1463 464 1499 491 et
1529 459 1760 502 patriarcham
1790 457 1854 491 sibi
1886 469 1949 501 pro

1105 518 1200 545 certo
1223 513 1380 551 innotuit,
1405 513 1499 555 quod
1523 524 1543 544 a
1565 522 1658 554 papa
1681 511 1868 555 benignum
1901 522 1951 544 re·

1105 571 1274 608 ceperant
1296 576 1496 607 responsum
1519 576 1622 607 super
1643 565 1708 597 hiis
1730 565 1776 597 ad
1791 575 1858 608 que
1873 566 1951 598 fue-

1104 625 1181 651 rant
1197 619 1299 651 missi.
1323 617 1459 656 Quibus
1475 619 1519 650 ad
1535 618 1697 651 Cesarem
1713 617 1952 657 redeuntibus,

1106 671 1151 703 ad
1175 671 1339 704 Sanctum
1364 671 1578 704 Germanum
1603 681 1681 703 xxn
1703 670 1782 703 Iulii
1805 681 1884 704 cum
1901 672 1952 704 eis

1105 734 1143 757 se
1167 724 1312 757 contulit
1335 725 1537 766 Imperator,
1560 724 1682 767 ibique
1699 724 1751 756 ‘ad
1767 735 1844 757 eum
1860 724 1953 757 missi

1106 789 1127 810 a
1156 788 1247 820 papa
1277 778 1346 810 duo
1376 779 1520 810 ueniunt
1551 777 1757 816 cardinales,
1789 777 1953 821 Pelagius

1114 2487 1231 2519 futuro
1254 2487 1387 2528 pascha
1409 2486 1670 2518 resurrectionis
1701 2485 1840 2518 Domini
1869 2485 1962 2527 apud

1113 2540 1322 2573 Cremonam
1346 2540 1391 2572 ad
1415 2550 1492 2571 eum
1518 2539 1708 2571 conuenire
1740 2538 1918 2571 deberent.

1204 2698 1229 2724 5.
1249 2694 1414 2725 receperunt
1435 2692 1519 2722 Uen.r
1538 2692 1601 2715 Dm„
1619 2690 1664 2715 Ra
1684 2705 1715 2708 -
1737 2689 1824 2723 28-29.
1843 2690 1892 2714 hec
1913 2690 1963 2714 ob-

1115 2740 1228 2763 servata
1247 2746 1295 2762 nou
1315 2738 1369 2762 hoc
1390 2737 1572 2761 observatum
1594 2737 1678 2766 Uen„
1697 2736 1759 2760 DEL
1778 2736 1821 2760 Ra

1978 350 2016 370 Co
2024 356 2039 368 n
2046 355 2063 373 g
2070 355 2102 369 re
2108 355 2126 373 g
2133 355 2147 369 a
2155 349 2187 380 tio

2000 378 2024 401 pt
2030 378 2098 396 elatat
2104 382 2141 396 um
2164 382 2187 396 m

2004 404 2094 427 Apulia.

112 830 128 848 ⁵
139 829 238 862 nensi
260 835 297 861 et
318 836 447 863 cetera.
493 831 579 863 Cum
595 836 757 873 oporteat
771 841 835 863 nos
849 830 947 862 iuxta
1014 831 1052 862 10
1105 831 1242 864 scilicet
1259 830 1467 863 Albanensis
1484 831 1668 873 episcopus
1683 837 1718 863 et
1734 831 1847 864 Gualo
1864 831 1952 864 tituli

109 881 318 925 “prefissum
339 883 534 922 terminum,
565 884 659 926 quod
682 883 749 915 iam
772 883 904 916 eminet
927 895 946 916 e
1105 883 1225 917 Sancti
1260 885 1404 917 Martini
1437 884 1618 928 presbyter
1655 884 1862 917 Cardinalis.
1910 885 1954 917 Et

109 935 256 968 “uicino
285 946 404 968 uersus
434 942 549 978 partes
585 936 825 969 ultramarinas
863 947 948 969 aura
1106 944 1188 970 tunc
1204 938 1238 970 in
1253 938 1329 980 ipsa
1344 938 1495 970 ecclesia
1510 936 1632 970 Sancti
1649 937 1815 970 Germani
1839 938 1952 970 dictus

108 989 124 1006 ‘⁴
138 998 307 1031 prospera
328 989 392 1022 sub
415 989 544 1021 ducatu
574 989 714 1021 Domini
737 999 802 1031 pro
817 990 948 1023 Christi
1107 991 1299 1034 Imperator
1322 991 1476 1033 capitula
1498 992 1564 1022 hec
1587 1001 1724 1023 seruare
1740 991 1880 1029 iurauit,
1902 991 1952 1022 ui·
1979 990 2098 1037 ‘⁴251‘ssss
2120 990 2190 1014 hm·

109 1042 282 1075 ‘seruitio
315 1043 552 1083 transfretare,
589 1042 832 1085 proposuimus
870 1053 947 1074 cum
1107 1045 1250 1077 delicet:
1275 1045 1370 1087 quod
1393 1045 1476 1076 hinc
1500 1043 1546 1076 ad
1571 1044 1658 1076 duos
1681 1054 1790 1076 annos
1812 1044 1847 1076 in
1879 1044 1952 1076 Au-

113 1097 128 1114 “
139 1095 293 1138 prelatis,
315 1096 532 1139 magnatibus
548 1102 582 1128 et
597 1096 676 1128 aliis
699 1094 859 1128 fidelibus
874 1095 947 1128 Re·
1015 1097 1052 1129 15
1106 1105 1206 1141 gusto
1230 1098 1456 1140 complendos
1470 1097 1701 1140 personaliter
1715 1097 1954 1130 transfretabit

112 1149 199 1193 “gni
223 1150 332 1182 nostri
364 1150 408 1183 de
439 1156 530 1182 statu
559 1150 710 1192 pacifico
734 1155 769 1182 et
791 1149 947 1192 generali
1107 1152 1143 1184 in
1171 1151 1363 1184 subsidium
1386 1151 1498 1183 Terre
1521 1156 1653 1188 sancte,
1683 1150 1798 1192 ibique
1823 1151 1955 1183 tenebit

110 1202 293 1236 “eiusdem
315 1203 435 1246 quiete
458 1213 500 1236 ac
523 1203 734 1247 colloquium
757 1202 948 1245 sollempne
1108 1204 1202 1237 mille
1236 1204 1367 1236 milites
1399 1214 1462 1246 per
1496 1203 1672 1235 biennium
1703 1204 1748 1235 ad
1779 1203 1953 1236 seruitium

110 1257 330 1290 “celebrum
375 1257 507 1290 Uerum
531 1268 574 1289 ne
590 1262 736 1300 propter
757 1256 949 1289 absentiam
1108 1269 1216 1296 suum,
1239 1263 1274 1290 et
1297 1258 1402 1290 ducet
1424 1267 1541 1289 secum
1566 1263 1708 1289 centum
1733 1256 1953 1294 chelandros,

112 1312 203 1353 ‘per
226 1310 384 1343 offitiales
400 1316 537 1343 nostros
553 1322 574 1343 a
591 1310 717 1354 quibus
732 1311 783 1343 sic
798 1310 866 1342 iam
883 1310 951 1342 du·
1110 1319 1143 1344 et
1165 1310 1298 1344 tenebit
1319 1310 1371 1343 ibi
1394 1309 1647 1353 quinquaginta
1662 1310 1781 1352 galeas
1796 1309 1885 1341 bene
1903 1321 1957 1342 ar-

112 1364 222 1396 “dum
238 1364 433 1397 audiuimus
449 1371 570 1397 contra
586 1363 763 1396 libertates
775 1369 810 1397 et
824 1373 950 1405 appro-
1013 1367 1054 1398 20
1109 1371 1228 1398 matas.
1274 1365 1418 1397 Interim
1453 1363 1554 1396 dabit
1591 1363 1788 1406 passagium
1820 1362 1956 1395 duobus

112 1418 127 1436 ⁸
140 1417 239 1450 batas
261 1418 539 1456 consuetudines,
563 1428 649 1461 quas
665 1417 815 1450 ecclesie
837 1417 950 1459 te[m]-
1109 1418 1261 1451 millibus
1295 1417 1438 1450 militum
1463 1422 1498 1449 et
1520 1416 1661 1449 familiis
1689 1416 1890 1449 eorumdem
1921 1417 1955 1448 in

110 1471 125 1488 ⁸
141 1468 226 1514 pore
249 1471 365 1504 felicis
388 1471 555 1504 memorie
571 1472 665 1516 regis
689 1470 882 1512 W[illelm]i
898 1480 951 1502 se-
1109 1473 1219 1505 tribus
1242 1471 1421 1515 passagiis,
1446 1476 1480 1503 et
1495 1480 1560 1512 pro
1583 1470 1692 1502 milite
1715 1469 1824 1502 tribus
1848 1470 1956 1513 equis.

111 1523 126 1542 ⁸
141 1524 248 1558 cundi
269 1523 461 1558 habuerant
476 1525 715 1568 multipliciter
727 1530 807 1557 sunt
823 1524 950 1556 afflicte
1111 1526 1188 1558 Hec
1211 1531 1246 1557 et
1269 1524 1337 1557 alia
1359 1523 1513 1566 capitula
1529 1524 1564 1557 in
1579 1524 1654 1556 eius
1667 1523 1841 1566 presentia
1857 1524 1957 1565 lecta,

113 1577 314 1611 “molestari
337 1589 399 1611 seu
421 1580 578 1622 grauari3
602 1579 758 1612 fidelitati
774 1584 830 1611 tue
847 1577 951 1610 firmi-
1109 1577 1330 1622 presentibus
1353 1577 1562 1620 quibusdam
1593 1577 1800 1610 Alamannie
1829 1577 1959 1619 princi-

114 1632 129 1650 “
140 1637 195 1664 ter
216 1631 444 1675 precipiendo
467 1634 670 1665 mandamus
690 1632 783 1676 quod
799 1631 953 1674 receptis
1015 1631 1055 1665 25
1110 1632 1222 1675 pibus,
1246 1631 1422 1663 nonnullis
1438 1630 1543 1663 etiam
1559 1631 1701 1673 prelatis
1717 1637 1751 1663 et
1766 1630 1883 1674 Regni
1899 1641 1959 1662 no-

113 1685 272 1718 “licteris
288 1686 424 1725 nostris,
441 1696 658 1729 quecumque
674 1686 876 1730 grauamina
891 1695 951 1717 seu
1111 1685 1237 1720 bilibus
1258 1685 1419 1727 promisit
1443 1685 1637 1727 Imperator
1659 1695 1696 1716 se
1720 1684 1862 1726 publice
1886 1695 1958 1716 ser-

56 1747 57 1750 *
114 1737 318 1771 “molestias
339 1748 403 1781 per
420 1739 633 1777 iustitiarios,
650 1739 868 1776 camerarios,
892 1738 950 1770 ba·
1112 1745 1268 1771 uaturum
1294 1737 1670 1770 excommunicatione'
1695 1737 1834 1770 adiecta
1857 1738 1891 1769 in
1922 1747 1959 1769 se
2088 1756 2135 1775 17¹1)

113 1790 240 1829 ‘imos
266 1791 474 1824 castellanos
504 1798 540 1825 et
569 1792 655 1825 alios
679 1792 835 1825 offitiales
857 1797 892 1825 et
914 1793 951 1823 fi·
1113 1799 1148 1825 et
1170 1799 1296 1825 terram
1319 1802 1426 1830 suam,
1449 1793 1477 1823 si
1509 1792 1577 1824 hoc
1608 1802 1677 1824 non
1709 1790 1814 1824 fuerit
1843 1790 1961 1823 obser-

113 1843 239 1878 “deles
261 1851 407 1883 nostros,
429 1852 506 1888 post
533 1846 674 1878 felicem
705 1852 860 1879 nostrum
891 1846 952 1879 ad·
1112 1852 1239 1884 uatum,
1263 1851 1298 1878 et
1319 1846 1387 1877 hoc
1403 1846 1515 1888 ipsum
1531 1843 1736 1889 Raynaldus
1752 1845 1867 1876 dictus
1891 1844 1960 1876 dux

115 1899 283 1931 “uentum
313 1905 385 1931 tam
408 1898 445 1931 in
469 1899 569 1932 bonis
591 1899 740 1932 ecclesie
768 1905 826 1932 tue
850 1910 952 1943 quam
1016 1903 1059 1934 30
1113 1899 1248 1942 Spoleti
1271 1899 1399 1931 iurauit
1421 1899 1455 1930 in
1479 1898 1595 1930 anima
1619 1909 1690 1930 sua.
1736 1897 1862 1930 Actum
1879 1907 1959 1939 pre-

113 1953 130 1970 “
141 1950 206 1995 (et)
226 1951 263 1984 in
279 1952 347 1985 tuis
362 1952 561 1985 hominibus
575 1952 776 1991 substulisti,
791 1953 827 1984 in
842 1953 953 1995 scrip·
1114 1955 1208 1986 dicto
1223 1963 1340 1985 mense
1355 1953 1434 1985 Iulii
1450 1953 1484 1984 in
1501 1953 1591 1984 festo
1608 1952 1719 1984 sancti
1737 1951 1856 1984 Iacobi
1869 1951 1891 1983 ³.
1918 1951 1962 1983 Et

27 2006 130 2052 Ἀμην*
142 2005 187 2037 tis
201 2005 329 2050 redigi'
346 2006 457 2038 facias
473 2006 672 2050 diligenter,
687 2006 738 2038 sic
754 2007 847 2050 quod
865 2007 953 2039 festo
1114 2013 1195 2040 tunc
1219 2018 1283 2050 per
1305 2005 1503 2039 cardinales
1523 2005 1619 2047 ipsos
1634 2006 1702 2038 iam
1719 2005 1832 2037 dictus
1849 2005 1961 2046 Impe—

113 2059 129 2077 ⁸
143 2058 200 2092 die
226 2058 389 2091 intrantis
412 2059 537 2092 mensis
559 2058 670 2092 Iunii²
693 2060 787 2102 apud
807 2059 952 2103 Fogiam
1113 2065 1209 2093 rator
1232 2070 1252 2091 a
1274 2059 1484 2097 iuramento,
1508 2059 1602 2101 quod
1625 2058 1719 2100 apud
1742 2058 1893 2090 Uerulas
1909 2057 1961 2090 fe-

113 2112 222 2144 “cum
251 2111 330 2144 aliis
361 2112 503 2155 prelatis
530 2112 691 2146 fidelibus
714 2113 839 2145 nostris
861 2113 954 2145 omni
1115 2118 1222 2151 cerat,
1246 2113 1469 2145 denuntiatus
1484 2117 1534 2143 est
1551 2110 1738 2143 absolutus.
1785 2111 1830 2143 Et
1845 2121 1887 2143 eo
1904 2120 1960 2142 ce-

113 2165 237 2197 “mora
253 2171 288 2198 et
302 2165 487 2198 occasione
505 2165 644 2198 remotis
660 2167 847 2198 conuenias
862 2167 954 2208 ipsas
1016 2170 1058 2202 35
1113 2166 1228 2199 leriter
1260 2167 1295 2198 in
1330 2165 1495 2207 Apuliam
1531 2164 1730 2202 recedente,
1768 2163 1963 2197 cardinales

113 2218 317 2251 “molestias
346 2224 382 2251 et
411 2219 612 2262 grauamina
635 2225 753 2252 nostro
786 2229 952 2262 conspec-
1114 2220 1177 2262 ipsi
1201 2220 1314 2252 Reate
1337 2230 1374 2251 se
1398 2220 1444 2252 ad
1466 2229 1635 2251 summum
1651 2218 1855 2260 pontificem
1878 2227 1962 2249 con-

113 2273 128 2290 ‘
140 2271 191 2304 tui
205 2278 478 2314 presentatur-us,
493 2277 531 2305 ut
545 2272 663 2305 habita
678 2273 804 2305 notitia
820 2283 954 2306 earum-
1115 2275 1276 2306 tulerunt.

32 2363 39 2366 ,
113 2325 220 2358 “dem
244 2325 329 2368 ipsis
353 2330 472 2358 actore
495 2326 642 2358 Domino
664 2325 761 2358 illum
786 2327 954 2369 possimus
1202 2327 1304 2359 Tunc
1327 2327 1523 2369 Imperator
1546 2326 1619 2368 ipse
1643 2325 1861 2368 principibus
1879 2324 1962 2357 Ala-

4 2378 6 2382 “
55 2400 60 2403 s
113 2378 243 2410 “finem
267 2378 458 2421 imponere,
475 2379 569 2422 quod
584 2379 620 2410 in
644 2379 793 2412 ecclesia
816 2386 874 2412 tua
898 2390 952 2412 su·
1114 2379 1266 2418 mannie‚
1289 2379 1445 2420 ducibus,
1475 2379 1657 2412 comitibus
1680 2385 1714 2411 et
1737 2378 1963 2421 potestatibus

114 2433 204 2475 “per
227 2431 294 2464 hiis
325 2437 360 2464 et
390 2438 508 2465 cetero
540 2443 609 2465 non
640 2439 806 2476 grauetur
830 2439 864 2466 et
892 2432 953 2466 tibi
1019 2438 1060 2469 40
1114 2433 1325 2466 Lombardie
1349 2444 1412 2475 per
1435 2443 1514 2465 suas
1536 2433 1677 2464 mandat
1701 2433 1840 2472 litteras,
1863 2438 1900 2464 ut
1928 2432 1961 2463 in

207 2973 215 2990 ¹
235 2974 366 3000 Rodolt'o
386 2976 529 3008 patriarca
549 2975 580 3000 dl
599 2974 819 2999 Gerusslemme.

203 3015 215 3033 ⁸
237 3024 247 3042 1
270 3017 317 3048 VI,
337 3017 459 3043 seconda
478 3018 637 3042 Domenlca
656 3017 687 3042 dt
701 3017 877 3048 Pentecoste,
890 3017 1012 3042 essendo

1068 2974 1095 2999 la
1114 2975 1224 3006 I'asqua
1243 2974 1346 2998 caduta
1365 2974 1386 2998 11
1407 2980 1453 3006 30,
1474 2972 1520 2997 ΙΙΙ.

1154 3016 1166 3033 ⁸
1185 3023 1217 3048 25
1237 3015 1350 3049 Luglio.
