2320 3444
116 224 200 264 (aa.
220 225 419 263 1220-1221]

209 353 331 397 Ἷὶῡζ]
353 353 442 387 Item
473 352 686 396 precipimus
716 353 809 396 quod
841 352 958 386 omnia

117 407 133 425 ⁸
148 407 300 441 alienata
322 407 368 441 de
391 408 508 441 feudis
531 413 566 440 et
589 407 691 440 rebus
713 405 874 444 feudalis,
889 416 958 438 non

119 461 306 494 “obstante
337 460 616 495 contradictione
653 459 712 493 uel
750 458 960 493 alienatione

118 515 134 533 ⁸
147 514 305 557 alicuius,
327 514 466 558 integre
488 519 708 552 reuocentur,
732 518 768 546 et
782 517 820 545 ut
843 522 960 545 omnes

119 569 134 586 ⁸
147 568 206 611 qui
229 567 372 601 feudum
397 573 517 601 tenent
538 572 726 610 preparent
748 576 786 599 se
801 566 846 598 de
862 565 961 608 equis

119 621 183 654 “et
205 621 310 654 armis
348 627 384 654 et
406 621 494 660 aliis,
532 621 578 654 de
609 619 732 663 quibus
769 618 958 652 secundum

117 673 132 691 ⁸
146 673 223 706 iura
245 674 375 707 seruire
398 680 572 712 tenentur,
595 679 633 706 ut
654 674 701 706 ad
723 671 960 706 summonitio-

119 729 227 760 “nem
252 735 403 761 nostram
428 734 463 760 et
494 726 732 760 ordinatorum
762 732 959 759 nostrorum

119 781 259 824 “parati
281 782 350 814 sint
373 781 528 815 debitum
558 779 739 813 seruitium
763 777 957 815 exihibere3

119 835 135 852 ‘⁴
148 834 244 879 quod
259 834 400 878 quinon
412 834 539 867 fecerit
555 833 699 867 feudum
714 832 893 866 ammictat
904 855 919 872 ‚,
938 830 959 864 ².

202 940 428 984 [MCCXX1J.
467 941 660 984 Imperator
675 940 756 973 dum
773 939 889 973 adhuc
906 949 960 971 es-

113 1002 165 1030 set
175 995 301 1029 Suesse
314 1002 349 1028 et
360 994 562 1038 imperatrix
573 993 705 1026 ibidem
717 1003 798 1026 cum
809 1002 863 1032 eo,
871 1002 957 1025 nuu-

113 1050 198 1083 tium
220 1049 346 1092 recipit
361 1047 457 1092 quod
473 1043 597 1080 ciuitas
612 1046 698 1079 Sore
715 1056 818 1090 quam
842 1055 958 1078 comes

112 1103 311 1138 Riccardus
333 1103 442 1136 frater
464 1100 661 1135 Innocentii
682 1109 775 1143 pape
791 1104 958 1137 tenuerat,

111 1168 149 1191 se
171 1156 239 1190 sibi
263 1155 422 1189 reddidit
433 1155 456 1188 ¹.
479 1154 604 1188 Dictus
635 1163 753 1187 comes
782 1152 959 1197 Rogerius

112 1210 157 1243 de
179 1208 310 1253 Aquila
325 1219 464 1242 roccam
480 1207 584 1240 Arcis
600 1207 747 1245 obsidet,
764 1217 867 1250 quam
882 1205 960 1239 Ste-

111 1263 246 1306 phanus
259 1261 449 1295 cardinalis
464 1261 575 1294 sancti
588 1259 737 1293 Adriani
752 1270 862 1303 nepos
874 1258 959 1292 dicti

111 1327 202 1360 pape
232 1315 428 1349 Innocentii
466 1314 524 1358 qui
550 1325 626 1347 eam
655 1313 782 1346 muniri
812 1313 961 1351 fecerat,

113 1371 179 1414 ipsi
201 1369 402 1414 imperatori
416 1367 586 1412 resignari
601 1367 762 1410 precepit
774 1366 797 1399 ⁸.
814 1366 960 1399 Thoma—

112 1424 258 1458 sius.de
287 1422 427 1467 Aquino
459 1422 574 1454 factus
603 1420 814 1453 Acerrarum
844 1429 962 1452 comes

113 1477 318 1520 capitaneus
334 1482 369 1509 et
384 1474 554 1519 Magister
569 1473 772 1507 iustitiarius
787 1474 962 1506 institutus

113 1538 166 1566 est
199 1530 327 1574 Apulie
351 1536 388 1564 et
416 1530 528 1563 Terre
558 1527 704 1562 Laboris
717 1527 741 1560 ⁴.
758 1526 962 1570 Diopuldus,

115 1595 218 1629 quem
245 1594 362 1618 comes
384 1584 532 1617 Iacobus
562 1581 608 1616 de
631 1581 761 1615 Sancto
791 1579 961 1613 Seuerino

114 1642 257 1680 ceperat
279 1637 374 1670 iussu
397 1635 626 1679 imperatoris,
642 1635 805 1669 liberatus
821 1640 883 1674 est,
898 1645 962 1677 pro

116 1701 184 1735 quo
207 1689 372 1735 Syfridus
409 1691 519 1723 trater
556 1689 631 1722 eius
660 1698 800 1722 roccam
829 1688 964 1722 Caiatie

207 1825 247 1851 ¹4·
266 1817 429 1843 detinuerat
448 1816 544 1842 Gaun.
564 1829 597 1835 -
617 1821 660 1848 ας.
677 1815 798 1842 Sclfidus
820 1816 884 1841 Cod.

164 1978 171 1991 1

117 2002 166 2027 tlt.
181 2009 283 2029 xxxu:
313 2001 380 2027 “De
403 2002 490 2027 novis
513 2001 658 2033 edlflclls„
678 2001 692 2017 ‘¹
703 2019 709 2026 .
721 2019 726 2026 .
737 1999 916 2031 ..Castra,
943 2008 968 2025 m
983 2007 1014 2025 u-

119 2043 308 2070 “nltlones
335 2046 371 2070 et
398 2045 523 2070 turres
541 2044 583 2069 ab
608 2043 713 2069 obltu
732 2044 815 2069 dive
840 2043 988 2068 memor!
1001 2049 1016 2067 e

118 2087 132 2102 ‘¹
143 2088 238 2120 regit
257 2086 437 2113 Guilelml
448 2104 454 2111 .
466 2106 472 2112 .
483 2103 491 2112 .
504 2104 511 2112 .
531 2087 662 2118 erecta,
681 2093 765 2119 super
778 2086 881 2119 qulbus
895 2087 1012 2110 minlme

35 2122 37 2127 Α
78 2136 93 2163 ς
121 2130 134 2146 ‘¹
144 2129 292 2156 diruendis
309 2129 468 2155 maiestati·
487 2130 584 2155 nostre
608 2129 728 2154 llcentla
752 2136 810 2154 non
835 2129 1012 2162 precesserit.

121 2173 228 2206 “prout
250 2173 281 2198 ln
307 2171 443 2205 Capuana
463 2173 542 2197 curla
567 2179 616 2205 per
635 2179 688 2197 nos
713 2171 814 2197 extltlt
840 2171 1013 2202 stabssltum,

122 2215 317 2241 “revocata
334 2214 617 2246 constltutlone
635 2215 764 2239 nostra
778 2211 899 2248 denuJo
913 2213 1013 2239 dirui

123 2257 136 2272 ¹¹
149 2257 280 2284 debere
317 2257 577 2283 mandamus...
589 2265 638 2289 .„;
666 2257 704 2282 cs.
732 2263 800 2289 pure
828 2256 860 2282 L.
889 2255 937 2287 111,
965 2256 1013 2281 tlt.

119 2306 222 2326 xxxnz
243 2298 310 2325 ‘De
328 2299 475 2333 prohlblta
495 2300 524 2324 ln
549 2301 627 2324 terra
651 2299 779 2324 demanii
799 2298 1014 2324 constructione

38 2353 39 2357 ¹
63 2350 95 2370 xo
122 2341 296 2368 “castrorun
309 2359 330 2375 ,.

49 2387 51 2389 '
209 2384 218 2402 ¹
237 2384 372 2410 L’Asslna
392 2384 422 2409 su
442 2383 605 2409 modificata
630 2384 676 2409 nel
697 2383 810 2411 'Codice
829 2384 857 2409 dl
884 2383 961 2409 Melfi
982 2384 1013 2409 L.

119 2427 168 2460 111,
187 2428 234 2453 tlt.
247 2434 311 2454 xxx:
328 2427 341 2442 “
354 2427 396 2452 De
409 2426 593 2452 fldelumone
606 2426 790 2452 dominorum
803 2434 819 2451 a
838 2426 971 2451 vassalus
982 2444 995 2459 η
1007 2434 1012 2451 :

119 2470 154 2496 Se
173 2470 195 2495 ll
215 2470 350 2499 vassallo,
372 2469 385 2483 ⁸
397 2477 412 2495 a
437 2469 556 2494 domino
576 2476 627 2494 suo
647 2469 761 2502 publlee
787 2469 942 2502 requisitus
954 2485 1014 2494 ....

123 2512 306 2545 “ιοτν1ἐ1ιιηι,
326 2513 403 2545 quod
420 2513 446 2536 el
467 2511 561 2542 debet,
579 2513 622 2536 ter
641 2511 823 2537 submonitus
837 2519 895 2536 non
914 2511 1016 2544 presti-

65 2562 96 2590 ις
125 2553 288 2581 “terlt....
306 2554 440 2580 dominus
460 2556 555 2587 potest
574 2553 608 2579 de
627 2561 670 2584 eo,
690 2553 767 2586 quod
786 2555 865 2579 tenet
890 2554 924 2579 ab
943 2555 1016 2587 ipso,

125 2597 139 2612 ⁸
152 2605 202 2631 per
220 2598 405 2630 exgunrdlum
424 2597 561 2622 dlssaslre
571 2615 595 2630 η.

211 2639 223 2656 ²
243 2640 355 2665 “Anno
381 2640 491 2665 domlnl
515 2646 578 2664 1221
600 2638 634 2664 de
653 2646 746 2664 mense
771 2639 899 2664 Ianuarii
919 2639 949 2663 in
969 2638 1016 2663 dle

125 2683 241 2708 “sancti
261 2683 356 2708 Maurl
376 2683 450 2707 ldem
469 2682 602 2707 dominus
622 2682 778 2714 imperator
796 2682 899 2707 lterum
912 2682 1019 2706 introl-

124 2723 139 2738 “
153 2726 198 2750 vlt
214 2724 345 2750 Suessam
362 2726 390 2749 et
410 2725 536 2748 moratu·
549 2725 592 2748 est
606 2723 646 2748 lbl
661 2730 712 2756 per
725 2724 783 2748 tren
798 2722 859 2748 dies
877 2724 906 2748 et
917 2723 1018 2757 postea

65 2772 100 2793 20
125 2766 140 2782 ⁶
151 2767 226 2792 redlt
244 2765 372 2800 Capuam
383 2775 411 2798 „;
431 2766 467 2791 cs.
489 2766 635 2791 chronicon
657 2765 824 2796 Suessanum,
843 2765 903 2795 clt..
917 2772 944 2798 p.
958 2765 1018 2790 228.

123 2800 146 2836 ὲ
164 2810 186 2835 ll
212 2811 284 2834 noto
302 2808 444 2834 Rlecardo
473 2810 557 2833 conte
576 2809 604 2833 dl
624 2807 722 2840 Segni,
749 2807 799 2833 che
825 2808 857 2833 su
885 2810 970 2833 conte
988 2807 1019 2832 dl

122 2852 194 2878 Sora
211 2851 247 2877 ed
265 2852 333 2877 ebbe
350 2851 444 2877 Rocca
464 2851 575 2876 d’Arce.
613 2850 668 2880 Cf..
683 2850 757 2875 oltre
770 2850 797 2875 le
809 2850 913 2884 pagine
925 2858 1018 2884 prece-

123 2894 202 2920 dentl
217 2894 261 2920 del
282 2894 426 2920 Chronicon
439 2895 470 2919 di
482 2894 526 2923 R..
543 2894 680 2922 Bonum,
694 2900 741 2918 nn.
756 2891 836 2925 603⁶,
849 2891 927 2925 6244,
940 2893 1019 2924 6502.

212 2935 224 2953 ⁸
241 2937 296 2962 Del
316 2936 402 2962 modo
415 2937 517 2969 rapido
530 2944 544 2960 e
558 2942 656 2961 severo
669 2943 724 2960 con
738 2936 792 2967 cul,
807 2935 884 2968 dopo
898 2935 1020 2960 l'Edltto

52 2985 98 3019 ’,15
126 2980 157 3005 dl
169 2979 276 3013 Capua.
295 2979 431 3005 Federlco
443 2978 606 3013 proecdette
621 2977 697 3002 nella
712 2977 947 3003 rlvendleazlone
960 2977 1019 3002 alla

126 3019 241 3046 Corona
260 3021 289 3046 dl
307 3022 382 3046 terre
400 3028 415 3045 e
433 3020 555 3051 castelll,
572 3019 714 3044 Rlccardo
727 3020 752 3044 cl
773 3018 842 3044 offro
854 3025 892 3044 un
907 3019 1016 3051 quadro

900 217 1182 257 CHRONICA
1912 217 1960 256 93

1026 831 1065 863 10

1206 936 1403 970 MCCXXI.
1449 936 1551 968 Tunc
1574 937 1778 979 Imperatrix
1805 937 1965 972 Suessam

1117 989 1225 1023 uadit.

1206 1043 1304 1082 Sora,
1327 1054 1429 1087 quarn
1461 1053 1576 1076 comes
1606 1044 1823 1087 Ryceardus,
1855 1046 1966 1079 frater

1117 1096 1199 1129 olim
1223 1097 1418 1130 Innocentii
1449 1108 1551 1141 pape,
1582 1097 1735 1138 tenebat,
1766 1100 1832 1142 ipsi
1855 1101 1966 1143 impe·

1026 1151 1063 1184 15
1116 1150 1223 1184 ratori
1245 1162 1283 1184 se
1305 1150 1471 1184 reddidit.

1205 1203 1404 1248 Roggerius
1427 1205 1472 1237 de
1495 1203 1625 1248 Aquila
1648 1215 1774 1248 comes,
1802 1208 1965 1240 mandato

1118 1258 1339 1301 Imperatoris
1353 1268 1495 1291 roccam
1518 1257 1622 1291 Arcis
1638 1265 1748 1292 arctat
1765 1266 1801 1292 et
1816 1260 1965 1299 obsidet,

1116 1323 1220 1355 quam
1244 1312 1441 1355 Stephanus
1464 1312 1652 1346 cardinalis
1667 1313 1781 1346 sancti
1805 1313 1966 1352 Adriani,

1118 1366 1177 1409 qui
1200 1376 1276 1398 eam
1298 1365 1451 1404 tenebat,
1473 1365 1540 1408 ipsi
1562 1366 1771 1408 Imperatori
1794 1367 1966 1410 resignari

1023 1421 1066 1452 20
1118 1419 1309 1453 mandauit.

1207 1474 1310 1507 Tunc
1333 1474 1553 1518 Dyopuldus,
1566 1484 1667 1518 quem
1681 1485 1800 1507 comes
1824 1475 1971 1508 Iacobus

1121 1529 1164 1561 de
1197 1527 1328 1562 Sancto
1363 1528 1534 1562 Seuerino
1572 1529 1777 1572 Imperatori
1816 1529 1970 1568 tradidit,

1121 1582 1202 1615 olim
1226 1583 1270 1615 de
1294 1583 1457 1615 mandato
1480 1582 1587 1625 ipsius
1612 1588 1746 1625 captus,
1778 1583 1823 1615 ad
1846 1593 1971 1625 preces

1121 1636 1393 1670 Teutonicomm
1416 1636 1575 1669 dimissus
1598 1643 1649 1669 est
1674 1636 1771 1678 liber,
1803 1636 1894 1669 datis
1917 1642 1970 1669 ta-

1026 1689 1067 1721 25
1122 1700 1203 1722 men
1219 1700 1239 1722 a
1255 1690 1400 1734 Syfrido
1424 1690 1532 1723 fratre
1555 1700 1617 1723 suo
1635 1696 1670 1723 et
1692 1690 1877 1733 resignatis
1901 1690 1969 1722 Im·-

1714 1838 1728 1851 Ι

1069 2001 1205 2026 notevole
1223 2008 1273 2034 per
1290 2001 1319 2026 la
1339 1999 1499 2035 Campania
1518 2008 1532 2025 e
1551 2008 1600 2034 per
1620 2000 1642 2025 il
1666 2000 1779 2026 Molise.
1816 2000 1965 2033 Ruggiero

1069 2043 1213 2076 d'Aquila,
1233 2043 1343 2073 lnsastl,
1364 2050 1422 2068 non
1443 2045 1548 2076 poteva
1573 2045 1716 2076 ignorare,
1741 2044 1816 2068 oltre
1840 2042 1965 2072 peditto,

1067 2091 1095 2115 le
1114 2085 1176 2110 ldee
1194 2092 1320 2119 espresse
1338 2084 1582 2118 dall’lmperatore
1601 2085 1677 2110 nella
1698 2093 1747 2110 sua
1767 2085 1868 2110 lettera
1882 2085 1927 2109 del
1950 2092 1966 2116 4

1066 2128 1126 2158 XII.
1143 2134 1219 2159 1220,
1231 2127 1368 2153 all’abate
1377 2128 1496 2154 Stefano
1508 2129 1561 2153 eal
1572 2129 1686 2152 monaci
1698 2127 1727 2152 di
1741 2128 1966 2152 Montecasstno.
1993 2131 2029 2157 30

1068 2170 1227 2197 “Nessuno
1255 2170 1362 2196 confidi
1388 2168 1584 2203 nell’lnlqulta
1609 2171 1639 2195 dt
1665 2177 1802 2203 occupare
1827 2177 1932 2194 ancora
1957 2170 1964 2193 i

1069 2213 1082 2228 “
1092 2213 1191 2239 diruti
1209 2214 1284 2239 della
1298 2213 1424 2244 Corona,
1444 2213 1573 2239 scriveva
1586 2213 1738 2242 Federico;
1754 2213 1901 2246 vogliamo
1916 2213 1966 2236 che

1068 2255 1170 2282 “tutto
1182 2257 1206 2281 si
1220 2256 1354 2282 rlschiarl
1367 2255 1426 2280 alla
1445 2256 1508 2281 luce
1526 2256 1572 2281 del
1591 2255 1696 2281 dlrltto
1715 2262 1730 2280 e
1748 2257 1826 2281 tutto
1845 2256 1925 2280 sotto
1940 2255 1962 2278 ll

1069 2298 1083 2312 α
1094 2300 1194 2323 nostro
1206 2305 1334 2332 governo
1353 2299 1433 2323 torni
1453 2298 1511 2323 alla
1529 2299 1666 2331 glustIzla
1676 2306 1706 2330 ,ε
1721 2296 1966 2323 nnuman-Bat-

1067 2347 1184 2371 Ποῖ-ωε,
1203 2340 1277 2366 Hist.
1295 2341 1373 2372 dipl„
1394 2341 1452 2370 cit..
1472 2347 1498 2370 2.
1519 2347 1578 2365 101.
1995 2346 2027 2371 35

1157 2383 1210 2408 Per
1229 2385 1338 2416 quanto
1357 2390 1392 2407 ne
1412 2384 1521 2417 sappia,
1536 2383 1572 2407 da
1586 2389 1708 2407 nessuna
1729 2382 1803 2407 altra
1817 2382 1898 2406 fonte
1918 2389 1968 2414 ap-

1067 2425 1236 2458 prendiamo
1252 2425 1302 2450 che
1321 2424 1450 2455 stefano,
1461 2424 1591 2449 cardinal
1612 2426 1691 2456 prete
1711 2423 1739 2448 dl
1754 2423 1780 2448 S.
1802 2424 1932 2448 Adriano
1952 2431 1967 2447 e

1067 2467 1191 2493 dall’ott.
1223 2467 1289 2492 1228
1309 2467 1338 2492 di
1358 2467 1386 2493 S.
1413 2467 1506 2492 Maria
1534 2467 1566 2492 in
1596 2465 1774 2496 Trastevere,
1798 2473 1846 2490 era
1867 2467 1967 2498 nipote

1069 2510 1261 2536 d'Innocenzo
1278 2509 1332 2540 111;
1352 2510 1389 2535 cs.
1407 2510 1578 2540 Porrfflsr,
1600 2516 1648 2534 nn.
1670 2513 1737 2540 5327
1759 2516 1773 2533 e
1794 2516 1842 2540 sg.,
1863 2514 1930 2541 7541
1951 2515 1967 2532 e

1069 2560 1119 2586 ug..
1139 2552 1217 2585 8²65·
1995 2558 2030 2584 40

1160 2594 1172 2611 ⁴
1191 2595 1276 2620 Dana
1289 2595 1319 2620 di
1334 2595 1374 2620 lui
1389 2594 1600 2627 glurlsdlzlone
1620 2601 1698 2618 come
1717 2593 1844 2617 Maestro
1863 2593 1966 2624 giusti-

1070 2638 1143 2663 zlere
1171 2638 1336 2670 dipendette
1362 2637 1452 2662 anche
1478 2637 1651 2666 Benevento,
1678 2636 1688 2660 l
1711 2635 1757 2660 cui
1783 2634 1920 2660 clttadlnl
1942 2636 1965 2659 sl

1070 2680 1231 2713 lagnarono
1251 2686 1349 2712 presso
1370 2679 1392 2704 11
1412 2685 1486 2711 papa
1505 2678 1555 2703 che
1577 2679 1584 2702 l
1605 2678 1694 2702 baluli
1722 2676 1967 2710 dell’lmperntore

1070 2723 1265 2755 lmponessero
1279 2722 1345 2747 loro
1360 2720 1373 2735 “
1385 2722 1529 2751 terratica,
1542 2720 1685 2749 fidantias.
1699 2719 1829 2752 pedagia,
1846 2720 1966 2744 foresta-

1074 2765 1200 2795 “tiones,
1220 2765 1374 2797 plateatlcn
1393 2765 1420 2788 et
1446 2763 1571 2788 erbaticn
1586 2779 1611 2794 η.
1645 2761 1757 2787 Onorlo
1776 2761 1824 2792 ΙΠ,
1844 2769 1897 2786 con
1917 2769 1967 2786 sua
1995 2766 2027 2793 45

1073 2808 1174 2832 lettera
1192 2807 1238 2832 del
1260 2814 1291 2840 14
1310 2807 1344 2838 V,
1367 2813 1441 2837 1221,
1462 2806 1584 2830 richlese
1606 2805 1831 2837 all’imperatore
1854 2804 1904 2828 che
1929 2805 1968 2828 rl-

1073 2851 1211 2883 spettasse
1231 2850 1257 2874 le
1277 2849 1433 2874 donazlonl
1453 2855 1536 2880 sopra
1553 2848 1580 2871 dl
1602 2855 1658 2872 una
1671 2844 1741 2871 cleta
1756 2847 1873 2879 proprla
1892 2846 1967 2870 della

1073 2892 1136 2917 aede
1149 2891 1320 2925 apostolica,
1331 2899 1345 2915 e
1360 2891 1388 2914 lo
1401 2888 1487 2923 prego
1501 2889 1577 2913 onde
1591 2889 1612 2913 il
1625 2888 1722 2913 nobile
1734 2895 1821 2912 uomo
1834 2887 1968 2912 Tomma-

1073 2941 1104 2959 so
1124 2935 1208 2959 conte
1222 2933 1358 2958 d’Acerrn
1372 2932 1523 2957 desistesse
1537 2931 1613 2956 dalle
1628 2931 1760 2955 molestie
1774 2932 1916 2962 arrecate3
1929 2931 1967 2955 cf.

1074 2975 1106 3001 C.
1126 2976 1318 3006 Romanam),
1333 2975 1475 3006 Epistulae
1488 2974 1592 2998 saeculi
1605 2973 1694 3004 XIII,
1708 2981 1738 2997 ex
1753 2973 1882 3005 Regestis
1895 2973 1965 2998 Pon·
1996 2981 2030 3007 50

1074 3019 1119 3052 tif.
1132 3019 1309 3043 Romanorum
1323 3018 1438 3042 selectae
1449 3017 1512 3045 etc..
1534 3016 1561 3040 ln
1583 3016 1623 3041 M.
1649 3016 1680 3040 G.
1695 3015 1741 3045 H„
1756 3015 1776 3044 Ι,
1791 3015 1848 3044 clt.,
1861 3022 1888 3048 p.
1906 3020 1963 3039 120.

1993 1208 2069 1228 Rocca
2083 1206 2153 1227 Arcis
2168 1213 2203 1227 as-

2019 1234 2113 1259 signata
2137 1234 2203 1259 impe-

2019 1261 2101 1281 rator-i.
