2320 3444
171 241 248 267 Mum,
263 246 283 264 c.
299 241 338 265 989
390 231 437 266 62

205 1440 226 1455 C.
241 1440 299 1458 1197

849 227 1123 263 RYCCARDI
1152 226 1222 261 DE
1250 226 1463 263 SANCTO
1491 228 1764 264 GERMANO

384 361 589 404 Stephanus.
635 360 680 392 Et
703 371 780 392 cum
804 369 933 391 moram
957 359 1070 391 Rome
1099 358 1225 391 fecerit

383 425 446 457 per
467 420 576 447 totum
599 423 749 445 mensem
773 411 981 445 Nouembris
1004 417 1038 444 et
1054 421 1162 454 usque
1179 411 1224 444 ad

382 472 466 499 11110r
493 473 646 509 tempora
675 465 867 498 natiuitatis
895 464 1047 503 Domini,
1075 465 1224 498 honora-

382 520 467 553 biles
482 520 568 552 fecit
585 525 619 552 et
635 519 790 562 copiosas
805 529 985 560 expensas,
1001 528 1079 549 cum
1095 518 1223 550 nedum

381 584 460 606 suos
476 584 561 616 quos
576 583 694 605 secum
711 572 855 604 duxerat
869 573 905 604 in
923 571 1067 615 singulis
1083 571 1223 614 quibus-

381 639 447 671 que
471 626 674 659 necessariis
699 625 953 668 procurauerit‚
976 634 1095 657 uerum
1119 625 1223 657 etiam

380 679 464 713 nulli
486 679 690 712 aduenienti
714 684 880 710 extraneo
898 677 1137 721 denegabatur
1152 678 1221 710 adi-

380 739 432 766 tus
455 733 500 765 ad
526 733 747 765 uescendum.
794 731 970 769 Quoniam
1000 732 1106 775 igitur
1134 732 1221 764 utile

380 786 461 818 satis
484 792 544 825 est,
568 791 605 817 ut
627 785 672 817 ad
703 790 918 827 posterorum
950 784 1109 817 notitiam
1141 795 1222 828 pro-

380 850 495 872 cessus
518 839 658 871 concilii
680 839 761 871 huic
786 839 884 881 operi
907 844 1121 877 annectatur,
1152 839 1222 882 pri-

379 903 469 924 mum
493 902 652 924 sermone
682 891 859 935 premisso,
893 902 994 934 quem
1025 892 1101 934 ipse
1130 903 1222 935 papa

378 945 412 976 in
443 945 553 987 prima
582 945 723 977 sexione
753 955 855 987 quam
886 945 973 977 fecit
1003 945 1043 976 Χο
1072 944 1222 992 intrante

378 1009 493 1031 mense
518 998 738 1036 Nouembris,
760 999 796 1030 in
818 998 912 1031 festo
934 998 1105 1031 uidelicet
1131 998 1222 1032 beati

378 1051 523 1083 Martini
537 1050 546 1068 ¹
569 1051 653 1084 satis
676 1051 853 1095 eleganter
875 1051 1066 1094 proposuit,
1090 1051 1126 1083 in
1154 1062 1222 1094 quo

378 1105 546 1148 precipue
570 1105 683 1148 agitur
707 1110 741 1136 et
771 1104 1015 1147 principaliter
1042 1105 1085 1136 de
1108 1105 1223 1137 refor-

377 1159 529 1191 matione
551 1157 756 1190 uniuersalis
780 1157 929 1191 ecclesie
954 1163 989 1190 et
1016 1158 1222 1191 liberatione

377 1217 470 1244 terre
493 1217 630 1249 sancte;
654 1221 722 1254 que
751 1211 787 1242 in
818 1211 972 1243 secunda
1002 1211 1156 1243 sessione
1188 1217 1223 1244 et

377 1265 491 1302 tertia,
514 1274 582 1307 qua
604 1264 792 1307 compleuit
814 1264 924 1307 ipsam
947 1265 1130 1308 synodum,
1146 1270 1223 1297 sunt

379 1317 567 1360 proposita,
590 1317 740 1350 seriatim
764 1327 933 1359 exponam
959 1328 1024 1360 ego
1041 1317 1100 1361 qui
1115 1317 1222 1350 inter-

378 1371 429 1404 fui
453 1377 488 1404 et
502 1371 575 1404 uidi
589 1370 797 1410 Riccardus,
814 1371 914 1404 huius
929 1372 1045 1414 operis
1062 1371 1220 1414 [a]uctor.

465 1425 559 1458 Cum'
584 1425 674 1458 enim
697 1425 733 1457 in
757 1425 907 1458 ecclesia
938 1425 1131 1458 Saluatoris
1155 1435 1222 1468 que

378 1478 662 1512 Constantiniana
678 1479 815 1522 dicitur,
829 1478 867 1511 in
882 1489 951 1522 qua
965 1478 1089 1521 prelati
1102 1488 1221 1511 omnes

379 1538 616 1566 conuenerant
638 1538 737 1575 pater
758 1532 834 1574 ipse
857 1538 992 1574 patrum
1017 1532 1118 1565 altius
1139 1532 1223 1565 resi-

379 1587 490 1625 deret,
515 1592 549 1618 et
570 1587 607 1618 in
630 1596 707 1618 eum
731 1585 882 1618 omnium
907 1591 1022 1618 essent
1048 1585 1141 1619 oculi
1171 1586 1223 1618 in-

377 1640 574 1678 tendentes,
612 1639 842 1682 prestolantes
880 1649 959 1671 cum
1002 1638 1139 1672 silentio
1177 1639 1223 1672 de

376 1703 494 1725 mensa
515 1692 762 1735 propositionis
783 1692 875 1725 illius
898 1691 1062 1734 pabulum
1079 1692 1222 1726 satieta-

376 1747 421 1779 tis
442 1746 588 1785 interne‚
625 1745 743 1779 “Ueni
777 1751 915 1779 creator
944 1746 1112 1788 spiritus„
1151 1746 1220 1779 alta

376 1810 463 1833 uoce
496 1806 647 1838 cantato,
680 1800 899 1842 omnipotens
928 1810 1042 1832 sermo
1065 1810 1146 1832 suus
1176 1800 1222 1833 ad

377 1853 532 1886 subditos
555 1853 599 1886 de
625 1853 782 1896 supernis
813 1853 953 1887 sedibus
984 1853 1091 1893 uenit,
1123 1853 1223 1887 cuius

377 1912 477 1939 tenor
498 1906 579 1939 talis
602 1912 671 1939 est:

470 1959 679 1993 “Desiderio
717 1960 915 1994 desideraui
953 1961 1022 1994 hoc
1061 1961 1219 2004 pasc[h]a

378 2013 393 2028 “
407 2014 617 2046 manducare
640 2013 820 2047 uobiscum
836 2020 1025 2057 antequam
1041 2015 1167 2057 patiar,
1182 2015 1221 2047 id
1270 2044 1273 2046 .

382 2067 396 2083 “
409 2071 460 2099 est
475 2073 658 2109 antequam
671 2067 797 2099 moriar
811 2066 833 2099 ².
867 2067 960 2106 Quia
976 2067 1081 2100 michi
1099 2067 1221 2100 uiuere

382 2118 397 2134 “
411 2119 567 2152 Christus
589 2125 642 2152 est
665 2126 699 2152 et
722 2120 810 2153 mori
834 2119 979 2159 lucrum,
1004 2130 1074 2153 non
1097 2120 1224 2160 abnuo,

384 2173 439 2205 “si
463 2173 664 2215 dispositum
688 2180 740 2206 est
762 2185 783 2206 a
806 2174 893 2213 Deo,
920 2173 1040 2207 bibere
1072 2173 1221 2207 calicem

383 2226 569 2268 “paxionis
603 2227 676 2259 siue
710 2238 774 2269 pro
805 2227 1010 2260 defensione
1046 2227 1218 2260 catholice

381 2279 395 2295 ‘⁶
411 2279 502 2318 fidei,
526 2280 597 2312 siue
621 2290 683 2322 pro
707 2280 859 2313 subsidio
883 2286 974 2312 terre
998 2286 1128 2319 sancte,
1152 2280 1226 2313 siue

385 2333 473 2374 “pro
502 2332 615 2374 [statu]
647 2333 886 2366 ecclesiastice
919 2333 1087 2366 libertatis
1118 2333 1222 2366 michi

384 2385 517 2418 “fuerit
539 2387 759 2428 propinatus;
787 2397 993 2430 quamquam
1025 2387 1221 2420 desiderem

384 2438 448 2470 “in
471 2448 576 2471 carne
599 2449 738 2472 manere
762 2440 875 2472 donec
899 2446 1118 2473 consumetur
1136 2450 1223 2483 opus

384 2491 596 2534 “inceptum.
641 2492 891 2526 Uerumtamen
914 2504 982 2527 non
1000 2505 1076 2527 mea
1100 2494 1223 2527 uolun-

384 2545 399 2561 “
411 2550 472 2583 tas,
489 2551 540 2577 set
555 2545 622 2577 Dei
638 2545 706 2578 fiat.
752 2546 796 2579 Et
812 2547 892 2580 ideo
909 2547 979 2579 dixi
995 2547 1107 2587 uobis,
1124 2548 1219 2590 quod

385 2598 586 2631 “desiderio
611 2599 806 2632 desideraui
838 2601 905 2633 hoc
935 2600 1095 2643 pasc[h]a
1125 2611 1222 2633 man-

385 2653 400 2668 “
413 2651 542 2684 ducare
559 2651 760 2695 vobis[cum]
776 2659 960 2696 antequam
976 2654 1100 2696 patiar.
1135 2653 1224 2687 Sunt

386 2706 401 2722 ⁴⁴
414 2705 512 2736 multi
536 2705 712 2737 hominum
730 2712 764 2738 et
780 2707 877 2738 uaria
894 2707 1079 2745 desideria,
1096 2714 1130 2740 et
1146 2708 1223 2750 quis

474 2807 513 2825 10.
532 2801 656 2825 consilio
678 2800 740 2825 Coti.
761 2815 793 2819 -
812 2808 854 2834 23.
874 2809 1004 2834 prorsum
1023 2802 1112 2827 altius
1128 2803 1224 2828 GAUD.

384 2855 417 2859 -
436 2847 478 2873 27.
497 2843 616 2867 interme
636 2844 700 2868 Cod.
719 2857 753 2862 —
772 2851 814 2876 34.
833 2845 868 2868 ab
887 2851 944 2868 uno
964 2845 1057 2869 invece
1076 2845 1107 2869 di
1130 2846 1224 2870 abnuo

386 2884 449 2909 eod.
468 2897 501 2903 -·-
520 2885 563 2916 38.
582 2886 642 2910 siue
660 2893 712 2918 pro
730 2886 921 2912 ecclesiastice
933 2903 940 2911 .
952 2906 958 2911 .
969 2906 974 2911 .
985 2903 993 2912 .
1014 2888 1078 2913 Cod.

475 2976 482 2994 ¹
502 2978 534 3003 R.
553 2979 602 3010 qui
620 2978 634 3004 ὲ
654 2981 753 3010 esatto,
778 2978 879 3013 perche
909 2981 936 3005 la
963 2981 1035 3005 resta
1059 2982 1220 3014 principale
1246 2981 1274 3006 dl

345 3024 358 3050 ς
385 3019 441 3044 San
455 3020 590 3050 Martino,
610 3029 730 3047 vescovo
750 3023 779 3046 di
799 3023 899 3052 Teura,
925 3023 1033 3047 ricorre
1052 3024 1147 3053 all⁷11,
1168 3031 1226 3048 non
1250 3024 1277 3048 al

1288 837 1327 870 10

1289 1104 1326 1137 15

1287 1374 1328 1406 20

1286 1640 1328 1674 25

1287 1910 1329 1941 30

1289 2175 1329 2209 35

1288 2444 1330 2476 40

1289 2709 1329 2742 45

1381 358 1468 391 rium
1493 359 1670 398 destruxit,
1687 365 1722 393 et
1737 360 1851 393 erexit
1865 361 1903 393 in
1917 371 2046 394 arcem.
2091 360 2236 396 Adiecit
2273 359 2284 390 3·

1382 411 1497 450 etiam,
1522 412 1616 455 quod
1639 423 1718 445 cum
1741 412 1808 455 ipsi
1831 413 2112 447 Mediolanenses
2133 414 2234 448 simili
2263 449 2276 454 ,.

1381 471 1498 498 essent
1522 466 1886 499 excommunicatione
1917 467 2038 507 notati,
2069 472 2233 512 tanquam
2267 479 2279 507 s

1381 518 1490 560 ipsius
1505 519 1641 552 Ottonis
1657 520 1849 563 complices
1865 525 1900 552 et
1916 521 2083 564 fautores,
2100 527 2135 554 et
2151 521 2235 565 quia
2255 513 2282 564 [Γ

1381 582 1498 604 eorum
1512 573 1637 606 ciuitas
1650 573 1840 606 Paterenos
1853 573 2010 614 fouebat,
2027 574 2125 607 nulla
2135 585 2235 618 pror·

2015 627 2124 667 Quod
2154 636 2241 663 cum*
2260 649 2277 670 ,ρ

1379 679 1524 712 moleste
1556 680 1638 713 satis
1667 681 1804 713 ferrent
1834 680 2122 715 Mediolanenses
2151 682 2232 726 ipsi,
2256 686 2272 719 ’ς

1381 737 1414 765 et
1437 732 1569 766 uellent
1591 734 1786 767 marchioni
1810 734 1876 777 ipsi
1899 734 1936 767 in
1951 735 2162 768 contrarium
2177 746 2233 769 re-

1380 786 1564 828 spondere,
1587 787 1671 831 quia
1693 798 1775 830 pars
1805 794 1954 832 utraque
1983 789 2022 822 in
2054 796 2234 825 contume·

1380 840 1445 873 lias
1460 840 1717 883 prorumpebat,
1735 842 1779 874 de
1791 841 1880 875 solio
1894 852 1955 875 suo
1967 841 2127 876 dominus
2140 854 2233 888 papa
2265 848 2273 892 ᾗ

1381 903 1554 937 exurgens
1594 905 1697 927 manu
1735 895 1858 937 innuit,
1899 901 1935 928 et
1972 895 2233 940 egredientibus
2256 895 2275 932 ὲῗ

1381 947 1518 986 ceteris,
1543 947 1618 989 ipse
1649 948 1803 981 ecclesia
1833 954 1885 981 est
1916 958 2086 993 egressus.
2132 950 2235 984 Sedit
2257 949 2278 984 ἐζ

1380 1005 1495 1033 autem
1518 1011 1629 1044 usque
1652 1002 1753 1034 tertio
1784 1002 1859 1045 ipse
1890 1002 2052 1036 dominus
2081 1014 2184 1048 papa,
2212 1005 2277 1054 ”ms

1379 1053 1469 1086 festo
1493 1053 1587 1087 beati
1610 1054 1757 1087 Martini
1779 1066 1890 1099 usque
1914 1057 1959 1089 ad
1973 1056 2103 1090 festum
2120 1057 2232 1091 sancti

1380 1105 1535 1146 Andree,
1574 1113 1609 1140 et
1637 1114 1719 1141 tunc
1760 1109 1973 1143 electionem
2007 1109 2138 1144 factam
2169 1115 2235 1155 per

1381 1159 1557 1203 principes
1580 1161 1624 1193 de
1648 1171 1731 1206 rege
1754 1161 1946 1195 Frederico
1977 1163 2012 1195 in
2043 1163 2232 1207 imperato-
2263 1177 2276 1198 ;

1380 1224 1453 1245 rem
1483 1214 1679 1248 Romanum
1711 1215 1908 1258 approbans
1939 1216 2167 1257 confirmauit,
2196 1222 2232 1250 et

1381 1273 1501 1299 sancta
1523 1268 1676 1311 synodus
1699 1277 1772 1301 Lxx
1802 1269 1952 1312 capitula
1976 1270 2229 1315 promulgant:
2267 1277 2276 1315 1}

1382 1319 1586 1361 dampnauit
1609 1320 1735 1353 librum
1757 1321 1912 1355 Ioachim
1936 1322 2111 1356 Florensis
2125 1322 2232 1356 abba-

1381 1372 1436 1412 tis,
1460 1384 1561 1416 quem
1585 1380 1708 1407 contra
1729 1375 1931 1418 magistrum
1960 1375 2101 1410 Petrum
2123 1367 2275 1411 Lem-‘²'

1382 1426 1528 1460 bardum
1554 1428 1713 1461 ediderat
1729 1428 1774 1462 de
1790 1429 1922 1463 unitate
1937 1435 1972 1463 et
1987 1430 2136 1464 essentia
2150 1430 2231 1464 Tri-

1380 635 1437 658 sus
1467 626 1643 659 debebant
1673 627 1812 659 ratione
1844 627 1967 661 audiri.

1385 1479 1512 1513 nitatis.

1333 2989 1364 3007 xo
1382 2982 1412 3007 di
1431 2982 1601 3008 Novembre.

1419 3023 1431 3041 ²
1448 3026 1476 3050 S.
1494 3025 1585 3056 Luci,
1604 3025 1664 3055 Eu,
1683 3025 1772 3055 XXII,
1795 3031 1835 3057 ις.

2058 235 2109 271 [A.
2130 237 2170 264 12
2179 236 2231 273 ιε]
2266 207 2282 225 ³
