2320 3444
51 174 78 211 ,Ε

121 243 175 280 μ.
195 244 291 279 12121
899 238 1178 276 CHRONICA
1907 237 1954 273 43

125 370 368 414 “populandas
408 371 565 404 sufficere
605 371 770 414 min[ime]
808 377 958 415 possent.

65 438 67 442 v
124 423 197 456 “Et
217 423 307 456 bene
330 424 510 467 perierunt
532 424 580 458 ibi
602 434 651 457 Lx
673 425 768 458 milia
795 425 959 458 Sarrace-

120 475 137 494 '‘
150 487 284 515 norum,
325 487 469 520 quorum
511 479 678 522 quosdam
727 478 959 520 interficimus,

56 547 71 574 '..
123 531 138 548 ⁸
151 531 319 574 quosdam
343 530 500 573 captiuos
522 531 683 564 duximus
706 532 751 564 ad
781 531 959 564 seruitium

71 603 75 605 >
122 583 415 617 “christianorum
438 590 472 618 et
497 585 783 618 monasteriorum
807 585 865 628 qui
880 590 960 617 sunt
1045 585 1063 617 5

59 646 71 650 ’
120 636 136 653 “
149 636 185 669 in
199 637 360 670 Marchia
371 638 381 658 ¹
398 638 605 681 reparanda.
637 638 713 670 Hec
727 637 843 681 igitur,
859 648 960 670 sanc-

121 691 136 708 '‘
149 690 279 723 tissime
307 691 408 724 uobis
441 691 594 724 scribere
629 692 859 730 decreuimus,
893 701 958 734 pro

60 747 72 766 ²
120 742 276 778 “auxilio
298 745 363 778 toti
387 744 629 778 christianitati
651 744 808 787 impenso
830 745 959 788 gratias

63 815 65 817 ·
121 798 234 841 “quas
256 808 435 840 possumus
459 798 649 837 exibentes,
681 798 857 831 humiliter
879 810 959 842 sup-

63 880 65 886 .
120 852 136 868 “
147 850 320 893 plicantes
342 857 381 883 ut
397 862 470 890 uos,
487 861 590 895 quem
606 851 713 895 elegit
728 850 898 884 Dominus
914 852 959 885 ad
1025 853 1064 885 10

58 902 73 938 fl„
119 905 135 922 ⁶
146 915 314 937 summum
335 904 524 938 sacerdotii
538 904 685 948 gradum
701 905 734 938 ei
749 915 829 938 cum
852 905 959 938 sacri-

59 971 63 984 s
117 957 132 975 '⁴
147 957 228 990 ficio
249 957 363 990 laudis
377 957 563 991 immoletis
577 958 706 991 uitulos
720 957 891 991 labiorum
903 982 918 999 „
935 958 956 991 ¹.

200 1010 304 1043 Tunc
327 1021 389 1043 rex
411 1011 486 1053 ipse
518 1010 669 1044 Castelle
701 1021 779 1044 cum
809 1011 958 1054 epistola

59 1093 63 1096 .
113 1063 181 1098 ista
203 1074 329 1108 magna
352 1063 448 1097 misit
470 1070 505 1097 et
527 1064 749 1097 honorabilia
771 1076 860 1108 pape
885 1076 958 1097 mu-

63 1114 67 1120 ’
111 1127 205 1151 nera.
251 1117 459 1151 Tentorium
482 1123 590 1151 totum
612 1118 761 1151 sericum
784 1123 819 1151 et
849 1118 958 1151 uexil-
1024 1117 1061 1150 15

63 1203 65 1205 .
111 1171 183 1204 lum
205 1180 289 1203 auro
313 1175 527 1210 contextum,
551 1171 646 1214 quod
667 1171 704 1203 in
735 1171 829 1204 beati
858 1170 956 1204 Petri

61 1243 67 1262 ς
111 1222 345 1267 apostolorum
368 1223 538 1267 principis
564 1223 712 1257 basilica
743 1225 788 1257 ad
817 1224 957 1258 laudem

112 1282 149 1310 et
169 1275 314 1321 gloriam
337 1276 487 1310 nominis
516 1277 646 1310 Christi
678 1287 870 1320 appensum
894 1285 956 1321 est,

58 1324 71 1333 ‘⁵
112 1329 242 1363 direxit
263 1328 311 1362 ad
332 1329 473 1362 Urbem.

56 1419 58 1421 Ε
199 1382 279 1417 Hoc
294 1393 387 1416 anno
409 1393 527 1417 mense
542 1383 656 1417 Madii
672 1384 873 1418 Adenulfus
888 1385 956 1419 Ca·
1018 1387 1061 1419 20

55 1434 268 1474 >arsi'nensis
297 1436 430 1470 electus
459 1437 669 1470 auctoritate
699 1438 890 1481 apostolica
921 1445 956 1472 et

66 1503 69 1510 ³
111 1489 310 1523 lieterarum
331 1488 419 1523 dicti
441 1490 536 1534 regis
558 1490 750 1530 Frederici,
775 1502 861 1535 quas
888 1503 953 1525 me-

109 1549 262 1576 moratus
283 1542 482 1586 Stephanus
505 1544 716 1577 camerarius
745 1545 955 1587 impetraue-

60 1639 61 1642 Ἴ
109 1601 163 1629 rat
184 1595 231 1629 ad
254 1596 480 1629 castellanum
505 1607 609 1631 rocce
625 1598 755 1631 Bantre
778 1604 816 1631 ut
839 1599 954 1632 eccle-

109 1650 161 1682 sie
185 1648 366 1683 Casinensi
387 1650 584 1684 restitueret
606 1651 714 1689 illam,
736 1662 815 1684 cum
845 1652 955 1686 nollet
1018 1655 1059 1687 25

109 1703 274 1737 mandato
297 1713 423 1746 parere
453 1704 565 1748 regio,
595 1703 776 1738 obsidione
807 1706 954 1739 circum-

70 1769 74 1778 ³
108 1756 222 1800 posita
251 1757 338 1790 dure
370 1757 454 1790 satis
489 1758 626 1791 artauit.
671 1758 717 1790 Et
750 1759 847 1792 facta
876 1770 953 1792 cum

58 1830 69 1834 =
109 1810 299 1844 castellano
332 1810 409 1854 ipso
445 1811 710 1855 compositione,
746 1813 843 1846 cuius
884 1813 953 1847 filio

66 1863 77 1903 2v
109 1863 293 1907 quamdam
313 1870 455 1907 neptem
470 1875 566 1898 suam
583 1865 746 1910 coniugio
764 1866 954 1910 copulnuit,

71 1928 74 1929 ⁷
107 1917 191 1951 data
220 1918 371 1961 quadam
401 1918 549 1961 pecunie
579 1919 781 1962 quantitate,
811 1930 952 1954 roccam
1016 1923 1059 1955 30

107 1969 216 2014 ipsam
239 1971 447 2005 monasterio
471 1971 651 2005 Casinensi
679 1973 908 2016 recuperauit.

67 2021 73 2024 ’
194 2023 420 2058 Innocentius
442 2035 535 2068 papa
565 2035 629 2068 per
658 2026 839 2070 generales
869 2038 955 2070 quas

72 2076 73 2079 ’
109 2075 240 2120 ubique
262 2077 402 2110 licteras
425 2078 471 2111 ad
493 2077 647 2121 prelatos
663 2078 794 2123 dirigit,
810 2079 845 2112 in
860 2080 954 2114 hunc

74 2166 77 2170 Ε
108 2130 248 2164 modum
273 2137 428 2164 sanctam
453 2131 615 2165 sinodum
639 2133 856 2166 conuocauit:

198 2184 214 2200 ¹⁴
227 2184 453 2218 Innocentius
476 2185 674 2229 episcopus,
698 2193 733 2219 et
748 2192 877 2226 cetera,
893 2199 953 2221 ue·
1017 2191 1057 2224 35

113 2239 128 2256 “
141 2237 355 2271 nerabilibus
384 2237 421 2270 in
453 2238 593 2272 Christo
623 2239 793 2272 fratribus
819 2241 952 2274 archie-

112 2290 294 2334 “piscopis
316 2297 352 2324 et
375 2291 552 2335 episcopis
575 2298 611 2325 et
633 2292 771 2326 dilectis
793 2293 872 2326 filiis
894 2294 954 2327 ab-

68 2338 75 2374 ⁴,
113 2343 278 2377 “batibus
299 2350 369 2377 tam
390 2344 526 2378 Latinis
548 2355 651 2389 quam
668 2346 791 2379 Grecis
807 2358 870 2390 per
885 2347 953 2381 Co-

109 2396 125 2415 “
141 2397 486 2441 etantinopolitanum
533 2398 714 2442 imperium
755 2401 953 2435 constitutis

74 2472 79 2488 2
113 2450 284 2484 “salutem
322 2457 356 2484 et
392 2451 620 2494 apostolicam
659 2452 952 2488 benedictionem.
1015 2459 1058 2491 40

76 2503 79 2507 '
112 2505 128 2523 ⁸
139 2503 291 2537 Uineam
314 2504 447 2537 domini
463 2504 619 2539 Sabbaot
634 2505 865 2539 multiformes
881 2517 953 2540 mo-

81 2578 86 2585 1
111 2556 268 2591 “liuntur
290 2557 402 2590 bestie
426 2557 598 2596 demoliri,
621 2569 766 2602 quarum
795 2559 952 2594 incursus

111 2608 232 2643 “adeo
254 2610 404 2643 inualuit
427 2616 549 2644 contra
570 2611 690 2654 ipsam,
717 2618 755 2645 ut
785 2623 830 2646 ex
853 2620 951 2656 parte

66 2742 67 2745 ,
197 2724 220 2744 1.
240 2718 434 2749 mfficeremIn,
452 2719 632 2749 interpretato
650 2720 686 2744 da
705 2719 802 2745 Gau».
811 2723 866 2751 per
878 2720 951 2746 suffi-

16 2759 18 2764 ’
70 2767 83 2792 ³.-
107 2766 231 2785 eeremus
249 2769 263 2785 e
281 2764 398 2786 corrctto
416 2761 443 2785 in
456 2760 579 2786 sufficere
592 2761 677 2786 modo
693 2763 756 2787 Cod.
771 2776 803 2780 —
818 2769 860 2788 21.
873 2765 950 2788 acto-

87 2815 95 2827 ι,
107 2802 194 2828 ritate
213 2803 277 2828 Coa.
295 2815 329 2822 —·
342 2810 385 2836 34.
398 2803 502 2835 ubique
514 2803 630 2829 lieteras
642 2803 679 2828 ad
697 2804 823 2836 prelatos
835 2805 950 2830 ueteras

20 2880 22 2883 v
80 2875 83 2878 ¹
108 2843 210 2878 dirigit
231 2846 294 2871 Cod.
313 2859 347 2880 -,
366 2853 408 2879 43.
427 2846 480 2871 ade
499 2854 548 2872 non
567 2847 636 2871 adeo
658 2847 721 2872 Cod.

197 2945 204 2962 ¹
224 2947 362 2979 Marchla,
380 2949 497 2974 Marcha
516 2956 596 2983 prov.
616 2949 646 2974 dl
660 2949 789 2975 Francia.
1054 2951 1130 2976 della
1149 2952 1282 2983 vittatis,
1302 2951 1323 2976 ll
1344 2949 1377 2976 26
1391 2952 1446 2976 ott.
1460 2949 1515 2983 (vu
1530 2950 1586 2975 kal.
1601 2950 1776 2984 novembris)
1794 2957 1873 2981 1212;
1894 2951 1948 2977 Mx-

82 3014 85 3021 2
195 2988 207 3007 ²
224 2990 251 3015 A
265 2993 364 3023 questa
379 2991 491 3023 lettera,
503 2993 646 3025 riportata
661 2993 690 3017 in
704 2992 816 3024 Mmms,
831 2993 912 3020 Patr.
924 2994 998 3024 Lae„
1053 2999 1124 3023 orm,
1136 2997 1178 3024 op.
1191 2994 1244 3024 cit„
1259 2999 1324 3026 7033
1338 2993 1503 3022 Pom-mast.
1518 3000 1544 3017 n.
1559 2991 1643 3026 4613:
1658 2993 1826 3018 “Protector
1840 2995 1869 3018 in
1884 3001 1912 3018 se
1923 3010 1948 3025 n·

83 3060 86 3065 Ε
107 3031 165 3056 vol.
185 3031 246 3063 ²16,
270 3033 330 3066 699,
356 3033 517 3059 Innocenzo
542 3033 581 3059 111
605 3035 722 3066 rispose‚
742 3035 999 3067 congratulandosl
