<?xml version="1.0" encoding="UTF-8"?>
<!DOCTYPE html PUBLIC "-//W3C//DTD XHTML 1.0 Transitional//EN"
    "http://www.w3.org/TR/xhtml1/DTD/xhtml1-transitional.dtd">
<html xmlns="http://www.w3.org/1999/xhtml" xml:lang="en" lang="en">
 <head>
  <title>
</title>
<meta http-equiv="Content-Type" content="text/html;charset=utf-8" />
  <meta name='ocr-system' content='tesseract 3.04.00' />
  <meta name='ocr-capabilities' content='ocr_page ocr_carea ocr_par ocr_line ocrx_word'/>
</head>
<body>
  <div class='ocr_page' id='page_1' title='image "./rerumitalicarums72murauoft_0064.png"; bbox 0 0 2320 3444; ppageno 0'>
   <div class='ocr_carea' id='block_1_1' title="bbox 406 244 1497 290">
    <p class='ocr_par' dir='ltr' id='par_1_1' title="bbox 406 244 1497 290">
     <span class='ocr_line' id='line_1_1' title="bbox 406 244 1497 290; baseline -0.009 0"><span class='ocrx_word' id='word_1_1' title='bbox 406 253 477 290; x_wconf 92' lang='lat' dir='ltr'><strong>LII</strong></span> <span class='ocrx_word' id='word_1_2' title='bbox 1162 244 1497 282; x_wconf 89' lang='lat' dir='ltr'>PREFAZIONE</span> 
     </span>
    </p>
   </div>
   <div class='ocr_carea' id='block_1_2' title="bbox 947 378 1575 421">
    <p class='ocr_par' dir='ltr' id='par_1_2' title="bbox 947 378 1575 421">
     <span class='ocr_line' id='line_1_2' title="bbox 947 378 1575 421; baseline -0.008 -5"><span class='ocrx_word' id='word_1_3' title='bbox 947 382 1018 416; x_wconf 86' lang='lat' dir='ltr'><strong>Sed</strong></span> <span class='ocrx_word' id='word_1_4' title='bbox 1041 382 1078 415; x_wconf 84' lang='lat' dir='ltr'><strong>fit</strong></span> <span class='ocrx_word' id='word_1_5' title='bbox 1101 378 1419 421; x_wconf 55' lang='lat' dir='ltr'><strong>humorum&#39;smaior</strong></span> <span class='ocrx_word' id='word_1_6' title='bbox 1441 378 1575 416; x_wconf 85' lang='lat' dir='ltr'><strong>solutio,</strong></span> 
     </span>
    </p>
   </div>
   <div class='ocr_carea' id='block_1_3' title="bbox 950 432 1442 469">
    <p class='ocr_par' dir='ltr' id='par_1_3' title="bbox 950 432 1442 469">
     <span class='ocr_line' id='line_1_3' title="bbox 950 432 1442 469; baseline -0.006 0"><span class='ocrx_word' id='word_1_7' title='bbox 950 436 995 469; x_wconf 85' lang='lat' dir='ltr'><strong>Et</strong></span> <span class='ocrx_word' id='word_1_8' title='bbox 1018 442 1100 468; x_wconf 88' lang='lat' dir='ltr'><strong>tunc</strong></span> <span class='ocrx_word' id='word_1_9' title='bbox 1123 445 1193 467; x_wconf 87' lang='lat' dir='ltr'><strong>non</strong></span> <span class='ocrx_word' id='word_1_10' title='bbox 1217 434 1270 466; x_wconf 78' lang='lat' dir='ltr'><strong>fui</strong></span> <span class='ocrx_word' id='word_1_11' title='bbox 1292 433 1383 466; x_wconf 87' lang='lat' dir='ltr'><strong>ultra</strong></span> <span class='ocrx_word' id='word_1_12' title='bbox 1405 432 1442 466; x_wconf 89' lang='lat' dir='ltr'><strong>in</strong></span> 
     </span>
    </p>
   </div>
   <div class='ocr_carea' id='block_1_4' title="bbox 1465 431 1548 470">
    <p class='ocr_par' dir='ltr' id='par_1_4' title="bbox 1465 431 1548 470">
     <span class='ocr_line' id='line_1_4' title="bbox 1465 431 1548 470; baseline -0.012 -6"><span class='ocrx_word' id='word_1_13' title='bbox 1465 431 1548 470; x_wconf 91' lang='lat' dir='ltr'><strong>otio,</strong></span> 
     </span>
    </p>
   </div>
   <div class='ocr_carea' id='block_1_5' title="bbox 907 483 1717 958">
    <p class='ocr_par' dir='ltr' id='par_1_5' title="bbox 907 483 1634 585">
     <span class='ocr_line' id='line_1_5' title="bbox 949 483 1634 529; baseline -0.01 -7"><span class='ocrx_word' id='word_1_14' title='bbox 949 489 1030 528; x_wconf 90' lang='lat' dir='ltr'><strong>Quo</strong></span> <span class='ocrx_word' id='word_1_15' title='bbox 1052 488 1102 521; x_wconf 85' lang='lat' dir='ltr'><strong>sic</strong></span> <span class='ocrx_word' id='word_1_16' title='bbox 1126 493 1178 521; x_wconf 88' lang='lat' dir='ltr'><strong>est</strong></span> <span class='ocrx_word' id='word_1_17' title='bbox 1199 487 1295 520; x_wconf 75' lang='lat' dir='ltr'><strong>facta</strong></span> <span class='ocrx_word' id='word_1_18' title='bbox 1317 485 1494 529; x_wconf 84' lang='lat' dir='ltr'><strong>sanguinis</strong></span> <span class='ocrx_word' id='word_1_19' title='bbox 1516 483 1634 517; x_wconf 89' lang='lat' dir='ltr'><strong>motio.</strong></span> 
     </span>
     <span class='ocr_line' id='line_1_6' title="bbox 907 538 1567 585; baseline -0.009 -9"><span class='ocrx_word' id='word_1_20' title='bbox 907 543 997 576; x_wconf 83' lang='lat' dir='ltr'><strong>Nam</strong></span> <span class='ocrx_word' id='word_1_21' title='bbox 1020 542 1057 574; x_wconf 89' lang='lat' dir='ltr'><strong>in</strong></span> <span class='ocrx_word' id='word_1_22' title='bbox 1079 551 1134 574; x_wconf 90' lang='lat' dir='ltr'><strong>me</strong></span> <span class='ocrx_word' id='word_1_23' title='bbox 1157 540 1248 585; x_wconf 87' lang='lat' dir='ltr'><strong>iugis</strong></span> <span class='ocrx_word' id='word_1_24' title='bbox 1270 540 1366 573; x_wconf 85' lang='lat' dir='ltr'><strong>calor</strong></span> <span class='ocrx_word' id='word_1_25' title='bbox 1389 538 1567 577; x_wconf 83' lang='lat' dir='ltr'>exuberat,</span> 
     </span>
    </p>

    <p class='ocr_par' dir='ltr' id='par_1_6' title="bbox 950 592 1717 637">
     <span class='ocr_line' id='line_1_7' title="bbox 950 592 1717 637; baseline -0.008 -8"><span class='ocrx_word' id='word_1_26' title='bbox 950 596 1006 629; x_wconf 84' lang='lat' dir='ltr'><strong>Fit</strong></span> <span class='ocrx_word' id='word_1_27' title='bbox 1029 595 1139 628; x_wconf 78' lang='lat' dir='ltr'><strong>febris</strong></span> <span class='ocrx_word' id='word_1_28' title='bbox 1163 594 1306 637; x_wconf 87' lang='lat' dir='ltr'>duplex,</span> <span class='ocrx_word' id='word_1_29' title='bbox 1331 604 1398 637; x_wconf 87' lang='lat' dir='ltr'><strong>que</strong></span> <span class='ocrx_word' id='word_1_30' title='bbox 1422 592 1568 635; x_wconf 82' lang='lat' dir='ltr'><strong>simplex</strong></span> <span class='ocrx_word' id='word_1_31' title='bbox 1589 592 1717 628; x_wconf 75' lang='lat' dir='ltr'><strong>fuerat,</strong></span> 
     </span>
    </p>

    <p class='ocr_par' dir='ltr' id='par_1_7' title="bbox 949 646 1644 691">
     <span class='ocr_line' id='line_1_8' title="bbox 949 646 1644 691; baseline -0.007 -9"><span class='ocrx_word' id='word_1_32' title='bbox 949 648 1118 682; x_wconf 85' lang='lat' dir='ltr'><strong>Miserum</strong></span> <span class='ocrx_word' id='word_1_33' title='bbox 1141 658 1271 686; x_wconf 88' lang='lat' dir='ltr'><strong>senem,</strong></span> <span class='ocrx_word' id='word_1_34' title='bbox 1293 653 1332 680; x_wconf 92' lang='lat' dir='ltr'><strong>ut</strong></span> <span class='ocrx_word' id='word_1_35' title='bbox 1354 646 1463 691; x_wconf 87' lang='lat' dir='ltr'><strong>magis</strong></span> <span class='ocrx_word' id='word_1_36' title='bbox 1485 651 1644 679; x_wconf 84' lang='lat' dir='ltr'><strong>conterat</strong></span> 
     </span>
    </p>

    <p class='ocr_par' dir='ltr' id='par_1_8' title="bbox 908 698 1689 789">
     <span class='ocr_line' id='line_1_9' title="bbox 952 698 1689 746; baseline -0.007 -11"><span class='ocrx_word' id='word_1_37' title='bbox 952 701 1136 746; x_wconf 88' lang='lat' dir='ltr'><strong>Quidquid</strong></span> <span class='ocrx_word' id='word_1_38' title='bbox 1158 700 1317 744; x_wconf 87' lang='lat' dir='ltr'><strong>precedit</strong></span> <span class='ocrx_word' id='word_1_39' title='bbox 1339 700 1397 732; x_wconf 86' lang='lat' dir='ltr'><strong>uix</strong></span> <span class='ocrx_word' id='word_1_40' title='bbox 1420 699 1529 743; x_wconf 82' lang='lat' dir='ltr'><strong>frigus</strong></span> <span class='ocrx_word' id='word_1_41' title='bbox 1551 698 1689 731; x_wconf 82' lang='lat' dir='ltr'><strong>tolerat.</strong></span> 
     </span>
     <span class='ocr_line' id='line_1_10' title="bbox 908 753 1578 789; baseline -0.007 0"><span class='ocrx_word' id='word_1_42' title='bbox 908 756 967 789; x_wconf 90' lang='lat' dir='ltr'><strong>Ad</strong></span> <span class='ocrx_word' id='word_1_43' title='bbox 989 755 1215 788; x_wconf 78' lang='lat' dir='ltr'><strong>diuidendum</strong></span> <span class='ocrx_word' id='word_1_44' title='bbox 1239 753 1350 787; x_wconf 86' lang='lat' dir='ltr'><strong>morbi</strong></span> <span class='ocrx_word' id='word_1_45' title='bbox 1373 753 1578 786; x_wconf 85' lang='lat' dir='ltr'><strong>discursiam</strong></span> 
     </span>
    </p>

    <p class='ocr_par' dir='ltr' id='par_1_9' title="bbox 951 803 1650 843">
     <span class='ocr_line' id='line_1_11' title="bbox 951 803 1650 843; baseline -0.007 -1"><span class='ocrx_word' id='word_1_46' title='bbox 951 809 992 842; x_wconf 91' lang='lat' dir='ltr'><strong>In</strong></span> <span class='ocrx_word' id='word_1_47' title='bbox 1016 809 1111 842; x_wconf 87' lang='lat' dir='ltr'><strong>omni</strong></span> <span class='ocrx_word' id='word_1_48' title='bbox 1134 818 1235 842; x_wconf 83' lang='lat' dir='ltr'><strong>mane</strong></span> <span class='ocrx_word' id='word_1_49' title='bbox 1256 817 1352 840; x_wconf 84' lang='lat' dir='ltr'><strong>sumo</strong></span> <span class='ocrx_word' id='word_1_50' title='bbox 1376 806 1615 839; x_wconf 84' lang='lat' dir='ltr'><strong>oxizaccaram</strong></span> <span class='ocrx_word' id='word_1_51' title='bbox 1630 803 1650 843; x_wconf 89' lang='lat'><strong>¹,</strong></span> 
     </span>
    </p>

    <p class='ocr_par' dir='ltr' id='par_1_10' title="bbox 951 858 1608 907">
     <span class='ocr_line' id='line_1_12' title="bbox 951 858 1608 907; baseline -0.008 -11"><span class='ocrx_word' id='word_1_52' title='bbox 951 862 1210 907; x_wconf 84' lang='lat' dir='ltr'><strong>Amigdalatam</strong></span> <span class='ocrx_word' id='word_1_53' title='bbox 1234 860 1366 905; x_wconf 91' lang='lat' dir='ltr'><strong>pinello</strong></span> <span class='ocrx_word' id='word_1_54' title='bbox 1389 860 1582 904; x_wconf 81' lang='lat' dir='ltr'><strong>squalidam</strong></span> <span class='ocrx_word' id='word_1_55' title='bbox 1596 858 1608 876; x_wconf 77' lang='lat'><em>²</em></span> 
     </span>
    </p>

    <p class='ocr_par' dir='ltr' id='par_1_11' title="bbox 951 913 1603 958">
     <span class='ocr_line' id='line_1_13' title="bbox 951 913 1603 958; baseline -0.008 -8"><span class='ocrx_word' id='word_1_56' title='bbox 951 917 1028 950; x_wconf 91' lang='lat' dir='ltr'><strong>Edo</strong></span> <span class='ocrx_word' id='word_1_57' title='bbox 1051 916 1109 949; x_wconf 92' lang='lat' dir='ltr'><strong>uel</strong></span> <span class='ocrx_word' id='word_1_58' title='bbox 1131 916 1226 948; x_wconf 80' lang='lat' dir='ltr'><strong>fan-a</strong></span> <span class='ocrx_word' id='word_1_59' title='bbox 1249 921 1284 947; x_wconf 88' lang='lat' dir='ltr'><strong>et</strong></span> <span class='ocrx_word' id='word_1_60' title='bbox 1305 914 1387 948; x_wconf 85' lang='lat' dir='ltr'><strong>bibo</strong></span> <span class='ocrx_word' id='word_1_61' title='bbox 1410 913 1603 958; x_wconf 85' lang='lat' dir='ltr'><strong>qualidam.</strong></span> 
     </span>
    </p>
   </div>
   <div class='ocr_carea' id='block_1_6' title="bbox 907 967 1452 1065">
    <p class='ocr_par' dir='ltr' id='par_1_12' title="bbox 907 967 1452 1065">
     <span class='ocr_line' id='line_1_14' title="bbox 907 967 1452 1004; baseline -0.009 0"><span class='ocrx_word' id='word_1_62' title='bbox 907 970 968 1004; x_wconf 89' lang='lat' dir='ltr'><strong>Me</strong></span> <span class='ocrx_word' id='word_1_63' title='bbox 991 969 1136 1002; x_wconf 78' lang='lat' dir='ltr'><strong>uisitare</strong></span> <span class='ocrx_word' id='word_1_64' title='bbox 1158 969 1303 1002; x_wconf 86' lang='lat' dir='ltr'><strong>ueniunt</strong></span> <span class='ocrx_word' id='word_1_65' title='bbox 1324 967 1452 1000; x_wconf 88' lang='lat' dir='ltr'><strong>medici</strong></span> 
     </span>
     <span class='ocr_line' id='line_1_15' title="bbox 952 1020 1449 1065; baseline -0.008 -9"><span class='ocrx_word' id='word_1_66' title='bbox 952 1022 1068 1056; x_wconf 87' lang='lat' dir='ltr'><strong>Amici</strong></span> <span class='ocrx_word' id='word_1_67' title='bbox 1091 1022 1161 1054; x_wconf 87' lang='lat' dir='ltr'><strong>mei</strong></span> <span class='ocrx_word' id='word_1_68' title='bbox 1185 1021 1290 1065; x_wconf 81' lang='lat' dir='ltr'><strong>layci,</strong></span> <span class='ocrx_word' id='word_1_69' title='bbox 1315 1020 1449 1059; x_wconf 86' lang='lat' dir='ltr'><strong>clerici,</strong></span> 
     </span>
    </p>
   </div>
   <div class='ocr_carea' id='block_1_7' title="bbox 912 1071 1757 1279">
    <p class='ocr_par' dir='ltr' id='par_1_13' title="bbox 954 1071 1685 1116">
     <span class='ocr_line' id='line_1_16' title="bbox 954 1071 1685 1116; baseline -0.007 -7"><span class='ocrx_word' id='word_1_70' title='bbox 954 1076 1027 1115; x_wconf 85' lang='lat' dir='ltr'><strong>Qui</strong></span> <span class='ocrx_word' id='word_1_71' title='bbox 1048 1086 1105 1108; x_wconf 90' lang='lat' dir='ltr'><strong>me</strong></span> <span class='ocrx_word' id='word_1_72' title='bbox 1129 1075 1330 1108; x_wconf 77' lang='lat' dir='ltr'><strong>confortant</strong></span> <span class='ocrx_word' id='word_1_73' title='bbox 1353 1080 1388 1107; x_wconf 88' lang='lat' dir='ltr'><strong>et</strong></span> <span class='ocrx_word' id='word_1_74' title='bbox 1411 1074 1535 1106; x_wconf 89' lang='lat' dir='ltr'><strong>dicunt</strong></span> <span class='ocrx_word' id='word_1_75' title='bbox 1558 1071 1685 1116; x_wconf 82' lang='lat' dir='ltr'><strong>singuli</strong></span> 
     </span>
    </p>

    <p class='ocr_par' dir='ltr' id='par_1_14' title="bbox 912 1125 1656 1224">
     <span class='ocr_line' id='line_1_17' title="bbox 953 1125 1626 1164; baseline -0.006 -1"><span class='ocrx_word' id='word_1_76' title='bbox 953 1130 1002 1164; x_wconf 92' lang='lat' dir='ltr'><strong>Ut</strong></span> <span class='ocrx_word' id='word_1_77' title='bbox 1025 1139 1094 1162; x_wconf 91' lang='lat' dir='ltr'><strong>non</strong></span> <span class='ocrx_word' id='word_1_78' title='bbox 1118 1128 1283 1162; x_wconf 88' lang='lat' dir='ltr'><strong>deberem</strong></span> <span class='ocrx_word' id='word_1_79' title='bbox 1306 1128 1358 1160; x_wconf 92' lang='lat' dir='ltr'><strong>sic</strong></span> <span class='ocrx_word' id='word_1_80' title='bbox 1380 1133 1494 1160; x_wconf 84' lang='lat' dir='ltr'><strong>mente</strong></span> <span class='ocrx_word' id='word_1_81' title='bbox 1520 1125 1626 1160; x_wconf 83' lang='lat' dir='ltr'><strong>deici.</strong></span> 
     </span>
     <span class='ocr_line' id='line_1_18' title="bbox 912 1179 1656 1224; baseline -0.008 -8"><span class='ocrx_word' id='word_1_82' title='bbox 912 1183 1059 1217; x_wconf 83' lang='lat' dir='ltr'><strong>Urinam</strong></span> <span class='ocrx_word' id='word_1_83' title='bbox 1081 1187 1239 1220; x_wconf 88' lang='lat' dir='ltr'><strong>cernunt,</strong></span> <span class='ocrx_word' id='word_1_84' title='bbox 1262 1181 1398 1224; x_wconf 90' lang='lat' dir='ltr'><strong>pulsum</strong></span> <span class='ocrx_word' id='word_1_85' title='bbox 1421 1179 1656 1217; x_wconf 82' lang='lat' dir='ltr'><strong>considerant,</strong></span> 
     </span>
    </p>

    <p class='ocr_par' dir='ltr' id='par_1_15' title="bbox 955 1231 1757 1279">
     <span class='ocr_line' id='line_1_19' title="bbox 955 1231 1757 1279; baseline -0.011 -9"><span class='ocrx_word' id='word_1_86' title='bbox 955 1237 1002 1270; x_wconf 92' lang='lat' dir='ltr'><strong>Et</strong></span> <span class='ocrx_word' id='word_1_87' title='bbox 1026 1236 1126 1279; x_wconf 88' lang='lat' dir='ltr'><strong>signa</strong></span> <span class='ocrx_word' id='word_1_88' title='bbox 1148 1235 1279 1278; x_wconf 81' lang='lat' dir='ltr'><strong>uident,</strong></span> <span class='ocrx_word' id='word_1_89' title='bbox 1296 1244 1364 1278; x_wconf 87' lang='lat' dir='ltr'><strong>que</strong></span> <span class='ocrx_word' id='word_1_90' title='bbox 1388 1244 1561 1276; x_wconf 80' lang='lat' dir='ltr'><strong>nunquam</strong></span> <span class='ocrx_word' id='word_1_91' title='bbox 1578 1231 1757 1265; x_wconf 65' lang='lat' dir='ltr'><strong>uideram</strong></span> 
     </span>
    </p>
   </div>
   <div class='ocr_carea' id='block_1_8' title="bbox 955 1287 1452 1332">
    <p class='ocr_par' dir='ltr' id='par_1_16' title="bbox 955 1287 1452 1332">
     <span class='ocr_line' id='line_1_20' title="bbox 955 1287 1452 1332; baseline -0.006 -10"><span class='ocrx_word' id='word_1_92' title='bbox 955 1289 1087 1323; x_wconf 86' lang='lat' dir='ltr'><strong>Ualere</strong></span> <span class='ocrx_word' id='word_1_93' title='bbox 1109 1295 1225 1322; x_wconf 84' lang='lat' dir='ltr'><strong>tamen</strong></span> <span class='ocrx_word' id='word_1_94' title='bbox 1247 1289 1308 1332; x_wconf 89' lang='lat' dir='ltr'><strong>qui</strong></span> <span class='ocrx_word' id='word_1_95' title='bbox 1329 1299 1384 1320; x_wconf 88' lang='lat' dir='ltr'><strong>me</strong></span> <span class='ocrx_word' id='word_1_96' title='bbox 1409 1287 1452 1320; x_wconf 91' lang='lat' dir='ltr'><strong>de</strong></span> 
     </span>
    </p>
   </div>
   <div class='ocr_carea' id='block_1_9' title="bbox 1454 1288 1623 1326">
    <p class='ocr_par' dir='ltr' id='par_1_17' title="bbox 1454 1288 1623 1326">
     <span class='ocr_line' id='line_1_21' title="bbox 1454 1288 1623 1326; baseline -0.012 -7"><span class='ocrx_word' id='word_1_97' title='bbox 1454 1288 1623 1326; x_wconf 83' lang='lat' dir='ltr'><strong>siderant,</strong></span> 
     </span>
    </p>
   </div>
   <div class='ocr_carea' id='block_1_10' title="bbox 911 1340 1667 1862">
    <p class='ocr_par' dir='ltr' id='par_1_18' title="bbox 911 1340 1667 1862">
     <span class='ocr_line' id='line_1_22' title="bbox 954 1340 1603 1385; baseline -0.006 -9"><span class='ocrx_word' id='word_1_98' title='bbox 954 1344 1050 1377; x_wconf 87' lang='lat' dir='ltr'><strong>Inter</strong></span> <span class='ocrx_word' id='word_1_99' title='bbox 1072 1353 1109 1375; x_wconf 89' lang='lat' dir='ltr'><strong>se</strong></span> <span class='ocrx_word' id='word_1_100' title='bbox 1131 1342 1227 1385; x_wconf 80' lang='lat' dir='ltr'><strong>ipsos</strong></span> <span class='ocrx_word' id='word_1_101' title='bbox 1250 1342 1294 1374; x_wconf 93' lang='lat' dir='ltr'><strong>de</strong></span> <span class='ocrx_word' id='word_1_102' title='bbox 1317 1351 1373 1374; x_wconf 89' lang='lat' dir='ltr'><strong>me</strong></span> <span class='ocrx_word' id='word_1_103' title='bbox 1396 1340 1603 1373; x_wconf 87' lang='lat' dir='ltr'><strong>deliberant.</strong></span> 
     </span>
     <span class='ocr_line' id='line_1_23' title="bbox 911 1394 1559 1435; baseline -0.006 -5"><span class='ocrx_word' id='word_1_104' title='bbox 911 1397 1083 1435; x_wconf 75' lang='lat' dir='ltr'><strong>quemuS,</strong></span> <span class='ocrx_word' id='word_1_105' title='bbox 1107 1397 1212 1433; x_wconf 86' lang='lat' dir='ltr'><strong>aiunt.</strong></span> <span class='ocrx_word' id='word_1_106' title='bbox 1236 1395 1383 1428; x_wconf 86' lang='lat' dir='ltr'><strong>amicum</strong></span> <span class='ocrx_word' id='word_1_107' title='bbox 1406 1394 1559 1427; x_wconf 87' lang='lat' dir='ltr'><strong>debilem</strong></span> 
     </span>
     <span class='ocr_line' id='line_1_24' title="bbox 955 1448 1582 1486; baseline -0.008 -2"><span class='ocrx_word' id='word_1_108' title='bbox 955 1451 1118 1484; x_wconf 89' lang='lat' dir='ltr'><strong>Amicum</strong></span> <span class='ocrx_word' id='word_1_109' title='bbox 1139 1459 1261 1482; x_wconf 83' lang='lat' dir='ltr'><strong>uerum</strong></span> <span class='ocrx_word' id='word_1_110' title='bbox 1286 1454 1320 1481; x_wconf 87' lang='lat' dir='ltr'><strong>et</strong></span> <span class='ocrx_word' id='word_1_111' title='bbox 1342 1448 1582 1486; x_wconf 77' lang='lat' dir='ltr'><strong>fauorabilem,</strong></span> 
     </span>
     <span class='ocr_line' id='line_1_25' title="bbox 956 1501 1613 1539; baseline -0.008 -2"><span class='ocrx_word' id='word_1_112' title='bbox 956 1504 1002 1537; x_wconf 90' lang='lat' dir='ltr'><strong>Et</strong></span> <span class='ocrx_word' id='word_1_113' title='bbox 1024 1503 1141 1537; x_wconf 86' lang='lat' dir='ltr'><strong>adhuc</strong></span> <span class='ocrx_word' id='word_1_114' title='bbox 1164 1502 1262 1535; x_wconf 89' lang='lat' dir='ltr'><strong>nobis</strong></span> <span class='ocrx_word' id='word_1_115' title='bbox 1285 1507 1321 1534; x_wconf 88' lang='lat' dir='ltr'><strong>et</strong></span> <span class='ocrx_word' id='word_1_116' title='bbox 1342 1501 1458 1534; x_wconf 88' lang='lat' dir='ltr'><strong>multis</strong></span> <span class='ocrx_word' id='word_1_117' title='bbox 1480 1501 1613 1539; x_wconf 88' lang='lat' dir='ltr'><strong>utilem,</strong></span> 
     </span>
     <span class='ocr_line' id='line_1_26' title="bbox 956 1553 1667 1600; baseline -0.006 -10"><span class='ocrx_word' id='word_1_118' title='bbox 956 1558 1011 1590; x_wconf 90' lang='lat' dir='ltr'><strong>Ne</strong></span> <span class='ocrx_word' id='word_1_119' title='bbox 1034 1557 1127 1590; x_wconf 77' lang='lat' dir='ltr'><strong>forte</strong></span> <span class='ocrx_word' id='word_1_120' title='bbox 1149 1561 1273 1600; x_wconf 86' lang='lat' dir='ltr'><strong>uergat</strong></span> <span class='ocrx_word' id='word_1_121' title='bbox 1296 1556 1341 1588; x_wconf 85' lang='lat' dir='ltr'><strong>ad</strong></span> <span class='ocrx_word' id='word_1_122' title='bbox 1365 1565 1482 1587; x_wconf 81' lang='lat' dir='ltr'><strong>casum</strong></span> <span class='ocrx_word' id='word_1_123' title='bbox 1505 1553 1667 1587; x_wconf 88' lang='lat' dir='ltr'><strong>flebilem.</strong></span> 
     </span>
     <span class='ocr_line' id='line_1_27' title="bbox 913 1607 1606 1654; baseline -0.007 -9"><span class='ocrx_word' id='word_1_124' title='bbox 913 1612 992 1645; x_wconf 86' lang='lat' dir='ltr'><strong>Fiat</strong></span> <span class='ocrx_word' id='word_1_125' title='bbox 1013 1621 1106 1643; x_wconf 90' lang='lat' dir='ltr'><strong>nunc</strong></span> <span class='ocrx_word' id='word_1_126' title='bbox 1130 1620 1214 1654; x_wconf 90' lang='lat' dir='ltr'><strong>ergo</strong></span> <span class='ocrx_word' id='word_1_127' title='bbox 1237 1607 1410 1653; x_wconf 80' lang='lat' dir='ltr'><strong>quedam⁸</strong></span> <span class='ocrx_word' id='word_1_128' title='bbox 1434 1608 1606 1652; x_wconf 80' lang='lat' dir='ltr'><strong>purgatio,</strong></span> 
     </span>
     <span class='ocr_line' id='line_1_28' title="bbox 957 1662 1475 1708; baseline -0.006 -11"><span class='ocrx_word' id='word_1_129' title='bbox 957 1664 1006 1697; x_wconf 92' lang='lat' dir='ltr'><strong>Ut</strong></span> <span class='ocrx_word' id='word_1_130' title='bbox 1028 1663 1210 1708; x_wconf 82' lang='lat' dir='ltr'><strong>phisicalis</strong></span> <span class='ocrx_word' id='word_1_131' title='bbox 1233 1662 1344 1706; x_wconf 86' lang='lat' dir='ltr'><strong>exigit</strong></span> <span class='ocrx_word' id='word_1_132' title='bbox 1365 1662 1475 1700; x_wconf 86' lang='lat' dir='ltr'><strong>ratio;</strong></span> 
     </span>
     <span class='ocr_line' id='line_1_29' title="bbox 959 1716 1495 1754; baseline -0.007 -3"><span class='ocrx_word' id='word_1_133' title='bbox 959 1719 1036 1752; x_wconf 88' lang='lat' dir='ltr'><strong>Fiet</strong></span> <span class='ocrx_word' id='word_1_134' title='bbox 1058 1716 1263 1750; x_wconf 85' lang='lat' dir='ltr'><strong>humorum⁴</strong></span> <span class='ocrx_word' id='word_1_135' title='bbox 1286 1716 1495 1754; x_wconf 82' lang='lat' dir='ltr'><strong>extenuatio,</strong></span> 
     </span>
     <span class='ocr_line' id='line_1_30' title="bbox 958 1769 1529 1812; baseline -0.005 -8"><span class='ocrx_word' id='word_1_136' title='bbox 958 1771 1003 1804; x_wconf 91' lang='lat' dir='ltr'><strong>Et</strong></span> <span class='ocrx_word' id='word_1_137' title='bbox 1028 1770 1116 1804; x_wconf 90' lang='lat' dir='ltr'><strong>liber</strong></span> <span class='ocrx_word' id='word_1_138' title='bbox 1139 1771 1205 1803; x_wconf 86' lang='lat' dir='ltr'><strong>erit</strong></span> <span class='ocrx_word' id='word_1_139' title='bbox 1227 1770 1263 1802; x_wconf 91' lang='lat' dir='ltr'><strong>in</strong></span> <span class='ocrx_word' id='word_1_140' title='bbox 1286 1769 1384 1802; x_wconf 88' lang='lat' dir='ltr'><strong>brevi</strong></span> <span class='ocrx_word' id='word_1_141' title='bbox 1406 1769 1529 1812; x_wconf 74' lang='lat' dir='ltr'><strong>spatio.</strong></span> 
     </span>
     <span class='ocr_line' id='line_1_31' title="bbox 916 1822 1491 1862; baseline -0.007 -4"><span class='ocrx_word' id='word_1_142' title='bbox 916 1825 993 1858; x_wconf 92' lang='lat' dir='ltr'><strong>Hoc</strong></span> <span class='ocrx_word' id='word_1_143' title='bbox 1015 1824 1073 1857; x_wconf 82' lang='lat' dir='ltr'><strong>isti</strong></span> <span class='ocrx_word' id='word_1_144' title='bbox 1097 1825 1230 1862; x_wconf 87' lang='lat' dir='ltr'><strong>dicunt,</strong></span> <span class='ocrx_word' id='word_1_145' title='bbox 1253 1822 1313 1855; x_wconf 87' lang='lat' dir='ltr'><strong>alii</strong></span> <span class='ocrx_word' id='word_1_146' title='bbox 1336 1822 1491 1860; x_wconf 90' lang='lat' dir='ltr'><strong>ueniunt,</strong></span> 
     </span>
    </p>
   </div>
   <div class='ocr_carea' id='block_1_11' title="bbox 959 1877 1452 1965">
    <p class='ocr_par' dir='ltr' id='par_1_19' title="bbox 959 1877 1452 1965">
     <span class='ocr_line' id='line_1_32' title="bbox 959 1877 1452 1921; baseline -0.008 -10"><span class='ocrx_word' id='word_1_147' title='bbox 959 1878 1030 1911; x_wconf 85' lang='lat' dir='ltr'><strong>Sed</strong></span> <span class='ocrx_word' id='word_1_148' title='bbox 1053 1878 1193 1921; x_wconf 85' lang='lat' dir='ltr'><strong>qualem</strong></span> <span class='ocrx_word' id='word_1_149' title='bbox 1216 1877 1374 1915; x_wconf 88' lang='lat' dir='ltr'><strong>credunt,</strong></span> <span class='ocrx_word' id='word_1_150' title='bbox 1397 1887 1452 1908; x_wconf 91' lang='lat' dir='ltr'><strong>me</strong></span> 
     </span>
     <span class='ocr_line' id='line_1_33' title="bbox 959 1930 1447 1965; baseline -0.006 0"><span class='ocrx_word' id='word_1_151' title='bbox 959 1933 1012 1965; x_wconf 94' lang='lat' dir='ltr'><strong>De</strong></span> <span class='ocrx_word' id='word_1_152' title='bbox 1034 1942 1089 1964; x_wconf 87' lang='lat' dir='ltr'><strong>me</strong></span> <span class='ocrx_word' id='word_1_153' title='bbox 1113 1931 1279 1964; x_wconf 85' lang='lat' dir='ltr'><strong>diffidunt</strong></span> <span class='ocrx_word' id='word_1_154' title='bbox 1302 1936 1336 1963; x_wconf 88' lang='lat' dir='ltr'><strong>et</strong></span> <span class='ocrx_word' id='word_1_155' title='bbox 1357 1930 1447 1962; x_wconf 85' lang='lat' dir='ltr'><strong>male</strong></span> 
     </span>
    </p>
   </div>
   <div class='ocr_carea' id='block_1_12' title="bbox 1471 1874 1760 1966">
    <p class='ocr_par' dir='ltr' id='par_1_20' title="bbox 1471 1874 1760 1966">
     <span class='ocr_line' id='line_1_34' title="bbox 1477 1874 1760 1913; baseline 0 -7"><span class='ocrx_word' id='word_1_156' title='bbox 1477 1885 1546 1907; x_wconf 90' lang='lat' dir='ltr'><strong>non</strong></span> <span class='ocrx_word' id='word_1_157' title='bbox 1562 1874 1760 1913; x_wconf 87' lang='lat' dir='ltr'><strong>inveniunt,</strong></span> 
     </span>
     <span class='ocr_line' id='line_1_35' title="bbox 1471 1928 1642 1966; baseline -0.012 -4"><span class='ocrx_word' id='word_1_158' title='bbox 1471 1928 1622 1962; x_wconf 88' lang='lat' dir='ltr'><strong>sentiunt</strong></span> <span class='ocrx_word' id='word_1_159' title='bbox 1634 1940 1642 1966; x_wconf 79' lang='lat'><em>3</em></span> 
     </span>
    </p>
   </div>
   <div class='ocr_carea' id='block_1_13' title="bbox 917 1983 1717 2659">
    <p class='ocr_par' dir='ltr' id='par_1_21' title="bbox 958 1983 1596 2029">
     <span class='ocr_line' id='line_1_36' title="bbox 958 1983 1596 2029; baseline -0.006 -11"><span class='ocrx_word' id='word_1_160' title='bbox 958 1986 1086 2029; x_wconf 89' lang='lat' dir='ltr'><strong>Sicque</strong></span> <span class='ocrx_word' id='word_1_161' title='bbox 1111 1985 1270 2018; x_wconf 78' lang='lat' dir='ltr'><strong>dolentes</strong></span> <span class='ocrx_word' id='word_1_162' title='bbox 1291 1984 1327 2016; x_wconf 91' lang='lat' dir='ltr'><strong>in</strong></span> <span class='ocrx_word' id='word_1_163' title='bbox 1351 1994 1413 2016; x_wconf 86' lang='lat' dir='ltr'><strong>sua</strong></span> <span class='ocrx_word' id='word_1_164' title='bbox 1435 1983 1596 2016; x_wconf 88' lang='lat' dir='ltr'><strong>redeunt.</strong></span> 
     </span>
    </p>

    <p class='ocr_par' dir='ltr' id='par_1_22' title="bbox 917 2037 1622 2244">
     <span class='ocr_line' id='line_1_37' title="bbox 917 2037 1541 2084; baseline -0.006 -11"><span class='ocrx_word' id='word_1_165' title='bbox 917 2039 1091 2084; x_wconf 82' lang='lat' dir='ltr'><strong>Septimus</strong></span> <span class='ocrx_word' id='word_1_166' title='bbox 1113 2038 1191 2071; x_wconf 84' lang='lat' dir='ltr'><strong>dies</strong></span> <span class='ocrx_word' id='word_1_167' title='bbox 1214 2037 1356 2070; x_wconf 87' lang='lat' dir='ltr'><strong>aduenit</strong></span> <span class='ocrx_word' id='word_1_168' title='bbox 1379 2037 1541 2076; x_wconf 87' lang='lat' dir='ltr'><strong>creticus,</strong></span> 
     </span>
     <span class='ocr_line' id='line_1_38' title="bbox 960 2090 1622 2135; baseline -0.005 -10"><span class='ocrx_word' id='word_1_169' title='bbox 960 2091 1190 2125; x_wconf 86' lang='lat' dir='ltr'><strong>Iudicatiuum</strong></span> <span class='ocrx_word' id='word_1_170' title='bbox 1215 2101 1318 2135; x_wconf 89' lang='lat' dir='ltr'><strong>quem</strong></span> <span class='ocrx_word' id='word_1_171' title='bbox 1341 2090 1428 2124; x_wconf 87' lang='lat' dir='ltr'><strong>dicit</strong></span> <span class='ocrx_word' id='word_1_172' title='bbox 1450 2090 1622 2128; x_wconf 55' lang='lat' dir='ltr'><strong>medicum</strong></span> 
     </span>
     <span class='ocr_line' id='line_1_39' title="bbox 961 2143 1601 2189; baseline -0.006 -10"><span class='ocrx_word' id='word_1_173' title='bbox 961 2146 1109 2189; x_wconf 84' lang='lat' dir='ltr'><strong>Spiritus</strong></span> <span class='ocrx_word' id='word_1_174' title='bbox 1130 2155 1227 2177; x_wconf 89' lang='lat' dir='ltr'><strong>meus</strong></span> <span class='ocrx_word' id='word_1_175' title='bbox 1248 2144 1352 2177; x_wconf 89' lang='lat' dir='ltr'><strong>ualde</strong></span> <span class='ocrx_word' id='word_1_176' title='bbox 1374 2144 1412 2177; x_wconf 86' lang='lat' dir='ltr'><strong>fit</strong></span> <span class='ocrx_word' id='word_1_177' title='bbox 1434 2143 1601 2186; x_wconf 88' lang='lat' dir='ltr'><strong>modicus,</strong></span> 
     </span>
     <span class='ocr_line' id='line_1_40' title="bbox 961 2197 1501 2244; baseline -0.006 -12"><span class='ocrx_word' id='word_1_178' title='bbox 961 2199 1006 2232; x_wconf 91' lang='lat' dir='ltr'><strong>Et</strong></span> <span class='ocrx_word' id='word_1_179' title='bbox 1028 2210 1093 2244; x_wconf 87' lang='lat' dir='ltr'><strong>ego</strong></span> <span class='ocrx_word' id='word_1_180' title='bbox 1116 2199 1162 2231; x_wconf 87' lang='lat' dir='ltr'><strong>fio</strong></span> <span class='ocrx_word' id='word_1_181' title='bbox 1186 2204 1277 2231; x_wconf 89' lang='lat' dir='ltr'><strong>totus</strong></span> <span class='ocrx_word' id='word_1_182' title='bbox 1300 2197 1501 2230; x_wconf 87' lang='lat' dir='ltr'><strong>encleticus.</strong></span> 
     </span>
    </p>

    <p class='ocr_par' dir='ltr' id='par_1_23' title="bbox 922 2251 1572 2454">
     <span class='ocr_line' id='line_1_41' title="bbox 922 2251 1543 2295; baseline -0.005 -9"><span class='ocrx_word' id='word_1_183' title='bbox 922 2253 984 2286; x_wconf 84' lang='lat' dir='ltr'><strong>Set</strong></span> <span class='ocrx_word' id='word_1_184' title='bbox 1006 2251 1180 2285; x_wconf 79' lang='lat' dir='ltr'><strong>leviatur·</strong></span> <span class='ocrx_word' id='word_1_185' title='bbox 1204 2251 1302 2284; x_wconf 78' lang='lat' dir='ltr'><strong>Mars</strong></span> <span class='ocrx_word' id='word_1_186' title='bbox 1325 2251 1543 2295; x_wconf 87' lang='lat' dir='ltr'><strong>egritudinis,</strong></span> 
     </span>
     <span class='ocr_line' id='line_1_42' title="bbox 963 2304 1550 2349; baseline -0.005 -10"><span class='ocrx_word' id='word_1_187' title='bbox 963 2304 1135 2349; x_wconf 80' lang='lat' dir='ltr'><strong>Spiritus⁶</strong></span> <span class='ocrx_word' id='word_1_188' title='bbox 1158 2305 1250 2338; x_wconf 85' lang='lat' dir='ltr'><strong>redit</strong></span> <span class='ocrx_word' id='word_1_189' title='bbox 1272 2310 1307 2338; x_wconf 89' lang='lat' dir='ltr'><strong>et</strong></span> <span class='ocrx_word' id='word_1_190' title='bbox 1329 2304 1550 2342; x_wconf 86' lang='lat' dir='ltr'><strong>ualetudinis,</strong></span> 
     </span>
     <span class='ocr_line' id='line_1_43' title="bbox 963 2357 1528 2401; baseline -0.002 -10"><span class='ocrx_word' id='word_1_191' title='bbox 963 2358 1146 2391; x_wconf 85' lang='lat' dir='ltr'><strong>Secretum</strong></span> <span class='ocrx_word' id='word_1_192' title='bbox 1170 2358 1273 2401; x_wconf 87' lang='lat' dir='ltr'><strong>exigo</strong></span> <span class='ocrx_word' id='word_1_193' title='bbox 1302 2357 1528 2400; x_wconf 87' lang='lat' dir='ltr'><strong>penitudinis,</strong></span> 
     </span>
     <span class='ocr_line' id='line_1_44' title="bbox 962 2410 1572 2454; baseline -0.002 -9"><span class='ocrx_word' id='word_1_194' title='bbox 962 2411 1212 2451; x_wconf 70' lang='lat' dir='ltr'><strong>Confessionis,</strong></span> <span class='ocrx_word' id='word_1_195' title='bbox 1236 2417 1271 2444; x_wconf 92' lang='lat' dir='ltr'><strong>et</strong></span> <span class='ocrx_word' id='word_1_196' title='bbox 1294 2410 1572 2454; x_wconf 81' lang='lat' dir='ltr'><strong>pulchritudinis.</strong></span> 
     </span>
    </p>

    <p class='ocr_par' dir='ltr' id='par_1_24' title="bbox 918 2464 1717 2659">
     <span class='ocr_line' id='line_1_45' title="bbox 918 2464 1562 2507; baseline 0 -9"><span class='ocrx_word' id='word_1_197' title='bbox 918 2466 977 2499; x_wconf 93' lang='lat' dir='ltr'><strong>Ad</strong></span> <span class='ocrx_word' id='word_1_198' title='bbox 1005 2475 1060 2498; x_wconf 91' lang='lat' dir='ltr'><strong>me</strong></span> <span class='ocrx_word' id='word_1_199' title='bbox 1082 2465 1248 2498; x_wconf 83' lang='lat' dir='ltr'><strong>sacerdos</strong></span> <span class='ocrx_word' id='word_1_200' title='bbox 1270 2464 1407 2497; x_wconf 84' lang='lat' dir='ltr'><strong>accedit</strong></span> <span class='ocrx_word' id='word_1_201' title='bbox 1428 2464 1562 2507; x_wconf 87' lang='lat' dir='ltr'><strong>i[l]1ico,</strong></span> 
     </span>
     <span class='ocr_line' id='line_1_46' title="bbox 964 2518 1717 2557; baseline -0.001 -5"><span class='ocrx_word' id='word_1_202' title='bbox 964 2519 1027 2552; x_wconf 89' lang='lat' dir='ltr'><strong>Cui</strong></span> <span class='ocrx_word' id='word_1_203' title='bbox 1050 2519 1109 2551; x_wconf 86' lang='lat' dir='ltr'><strong>uix</strong></span> <span class='ocrx_word' id='word_1_204' title='bbox 1134 2518 1315 2551; x_wconf 80' lang='lat' dir='ltr'><strong>confessus</strong></span> <span class='ocrx_word' id='word_1_205' title='bbox 1337 2528 1422 2557; x_wconf 82' lang='lat' dir='ltr'><strong>sum,</strong></span> <span class='ocrx_word' id='word_1_206' title='bbox 1453 2524 1488 2551; x_wconf 89' lang='lat' dir='ltr'><strong>et</strong></span> <span class='ocrx_word' id='word_1_207' title='bbox 1510 2529 1565 2551; x_wconf 89' lang='lat' dir='ltr'><strong>me</strong></span> <span class='ocrx_word' id='word_1_208' title='bbox 1588 2518 1717 2552; x_wconf 90' lang='lat' dir='ltr'><strong>iudico.</strong></span> 
     </span>
     <span class='ocr_line' id='line_1_47' title="bbox 963 2570 1644 2610; baseline -0.003 -4"><span class='ocrx_word' id='word_1_209' title='bbox 963 2570 1128 2606; x_wconf 79' lang='lat' dir='ltr'><strong>Ueritus⁷</strong></span> <span class='ocrx_word' id='word_1_210' title='bbox 1151 2577 1265 2604; x_wconf 86' lang='lat' dir='ltr'><strong>tamen</strong></span> <span class='ocrx_word' id='word_1_211' title='bbox 1288 2570 1333 2604; x_wconf 92' lang='lat' dir='ltr'><strong>de</strong></span> <span class='ocrx_word' id='word_1_212' title='bbox 1355 2571 1477 2604; x_wconf 87' lang='lat' dir='ltr'><strong>mortis</strong></span> <span class='ocrx_word' id='word_1_213' title='bbox 1500 2571 1644 2610; x_wconf 86' lang='lat' dir='ltr'><strong>lubrico,</strong></span> 
     </span>
     <span class='ocr_line' id='line_1_48' title="bbox 963 2624 1609 2659; baseline -0.002 0"><span class='ocrx_word' id='word_1_214' title='bbox 963 2624 1205 2659; x_wconf 89' lang='lat' dir='ltr'><strong>Communioni</strong></span> <span class='ocrx_word' id='word_1_215' title='bbox 1228 2624 1357 2658; x_wconf 88' lang='lat' dir='ltr'><strong>Christi</strong></span> <span class='ocrx_word' id='word_1_216' title='bbox 1380 2625 1609 2658; x_wconf 89' lang='lat' dir='ltr'><strong>communico.</strong></span> 
     </span>
    </p>
   </div>
   <div class='ocr_carea' id='block_1_14' title="bbox 508 2724 1743 2758">
    <p class='ocr_par' dir='ltr' id='par_1_25' title="bbox 508 2724 1743 2758">
     <span class='ocr_line' id='line_1_49' title="bbox 508 2724 1743 2758; baseline -0.001 -7"><span class='ocrx_word' id='word_1_217' title='bbox 508 2733 533 2758; x_wconf 91' lang='lat'><strong>9.</strong></span> <span class='ocrx_word' id='word_1_218' title='bbox 555 2725 616 2751; x_wconf 73' lang='lat' dir='ltr'><strong>Cosi</strong></span> <span class='ocrx_word' id='word_1_219' title='bbox 637 2727 715 2756; x_wconf 55' lang='grc' dir='ltr'><strong>θοάς</strong></span> <span class='ocrx_word' id='word_1_220' title='bbox 735 2726 800 2752; x_wconf 75' lang='lat' dir='ltr'><strong>tutti</strong></span> <span class='ocrx_word' id='word_1_221' title='bbox 817 2727 902 2751; x_wconf 77' lang='lat' dir='ltr'><strong>hanno</strong></span> <span class='ocrx_word' id='word_1_222' title='bbox 921 2727 987 2751; x_wconf 78' lang='lat' dir='ltr'><strong>letto</strong></span> <span class='ocrx_word' id='word_1_223' title='bbox 1005 2733 1116 2750; x_wconf 82' lang='lat' dir='ltr'><strong>summo</strong></span> <span class='ocrx_word' id='word_1_224' title='bbox 1137 2734 1150 2750; x_wconf 79' lang='lat' dir='ltr'><strong>e</strong></span> <span class='ocrx_word' id='word_1_225' title='bbox 1171 2724 1357 2750; x_wconf 75' lang='lat' dir='ltr'><strong>oschaccarls</strong></span> <span class='ocrx_word' id='word_1_226' title='bbox 1376 2732 1424 2749; x_wconf 79' lang='lat' dir='ltr'><strong>non</strong></span> <span class='ocrx_word' id='word_1_227' title='bbox 1438 2725 1577 2756; x_wconf 78' lang='lat' dir='ltr'><strong>pensando</strong></span> <span class='ocrx_word' id='word_1_228' title='bbox 1595 2726 1654 2750; x_wconf 82' lang='lat' dir='ltr'><strong>alla</strong></span> <span class='ocrx_word' id='word_1_229' title='bbox 1672 2725 1743 2750; x_wconf 75' lang='lat' dir='ltr'><strong>rima</strong></span> 
     </span>
    </p>
   </div>
   <div class='ocr_carea' id='block_1_15' title="bbox 425 2796 2299 2877">
    <p class='ocr_par' dir='ltr' id='par_1_26' title="bbox 425 2796 2299 2877">
     <span class='ocr_line' id='line_1_50' title="bbox 511 2796 2299 2835; baseline -0.003 -8"><span class='ocrx_word' id='word_1_230' title='bbox 511 2800 519 2817; x_wconf 91' lang='lat'>¹</span> <span class='ocrx_word' id='word_1_231' title='bbox 538 2801 777 2834; x_wconf 79' lang='lat' dir='ltr'><strong>Oxysaccharum‚</strong></span> <span class='ocrx_word' id='word_1_232' title='bbox 795 2800 860 2834; x_wconf 80' lang='grc' dir='ltr'><strong>ὀξύς</strong></span> <span class='ocrx_word' id='word_1_233' title='bbox 879 2799 1034 2835; x_wconf 74' lang='grc' dir='ltr'><strong>σακχάρον,</strong></span> <span class='ocrx_word' id='word_1_234' title='bbox 1055 2802 1174 2826; x_wconf 76' lang='lat' dir='ltr'><strong>mistura</strong></span> <span class='ocrx_word' id='word_1_235' title='bbox 1187 2801 1216 2826; x_wconf 87' lang='lat' dir='ltr'><strong>dl</strong></span> <span class='ocrx_word' id='word_1_236' title='bbox 1236 2801 1320 2826; x_wconf 78' lang='lat' dir='ltr'><strong>miele</strong></span> <span class='ocrx_word' id='word_1_237' title='bbox 1375 2802 1402 2826; x_wconf 76' lang='lat' dir='ltr'><strong>in</strong></span> <span class='ocrx_word' id='word_1_238' title='bbox 1420 2802 1555 2827; x_wconf 74' lang='lat' dir='ltr'><strong>occasione</strong></span> <span class='ocrx_word' id='word_1_239' title='bbox 1574 2802 1622 2826; x_wconf 82' lang='lat' dir='ltr'><strong>del</strong></span> <span class='ocrx_word' id='word_1_240' title='bbox 1644 2801 1721 2827; x_wconf 85' lang='lat' dir='ltr'><strong>XVI</strong></span> <span class='ocrx_word' id='word_1_241' title='bbox 1735 2800 1888 2826; x_wconf 67' lang='lat' dir='ltr'><strong>centenario</strong></span> <span class='ocrx_word' id='word_1_242' title='bbox 1912 2800 1986 2824; x_wconf 78' lang='lat' dir='ltr'><strong>della</strong></span> <span class='ocrx_word' id='word_1_243' title='bbox 2009 2798 2169 2829; x_wconf 65' lang='lat' dir='ltr'><strong>fondatione</strong></span> <span class='ocrx_word' id='word_1_244' title='bbox 2187 2796 2262 2823; x_wconf 75' lang='lat' dir='ltr'><strong>della</strong></span> <span class='ocrx_word' id='word_1_245' title='bbox 2297 2820 2299 2823; x_wconf 86' lang='lat'>.</span> 
     </span>
     <span class='ocr_line' id='line_1_51' title="bbox 425 2841 2062 2877; baseline -0.002 -9"><span class='ocrx_word' id='word_1_246' title='bbox 425 2849 443 2868; x_wconf 92' lang='grc' dir='ltr'>ο</span> <span class='ocrx_word' id='word_1_247' title='bbox 461 2843 596 2868; x_wconf 86' lang='lat' dir='ltr'><strong>zucchero</strong></span> <span class='ocrx_word' id='word_1_248' title='bbox 615 2851 630 2868; x_wconf 87' lang='lat' dir='ltr'><strong>e</strong></span> <span class='ocrx_word' id='word_1_249' title='bbox 648 2845 738 2869; x_wconf 84' lang='lat' dir='ltr'><strong>aceto.</strong></span> <span class='ocrx_word' id='word_1_250' title='bbox 1374 2844 1467 2869; x_wconf 76' lang='lat' dir='ltr'><strong>Badio</strong></span> <span class='ocrx_word' id='word_1_251' title='bbox 1487 2844 1517 2869; x_wconf 86' lang='lat' dir='ltr'><strong>di</strong></span> <span class='ocrx_word' id='word_1_252' title='bbox 1534 2841 1743 2877; x_wconf 78' lang='lat' dir='ltr'><strong>Montecassino)</strong></span> <span class='ocrx_word' id='word_1_253' title='bbox 1762 2843 1819 2868; x_wconf 86' lang='lat' dir='ltr'><strong>vol.</strong></span> <span class='ocrx_word' id='word_1_254' title='bbox 1837 2842 1858 2873; x_wconf 89' lang='lat'><strong>1,</strong></span> <span class='ocrx_word' id='word_1_255' title='bbox 1876 2849 1903 2874; x_wconf 90' lang='lat' dir='ltr'><strong>p.</strong></span> <span class='ocrx_word' id='word_1_256' title='bbox 1925 2847 1971 2874; x_wconf 82' lang='lat'><strong>151</strong></span> <span class='ocrx_word' id='word_1_257' title='bbox 1993 2848 2008 2866; x_wconf 92' lang='lat' dir='ltr'><strong>e</strong></span> <span class='ocrx_word' id='word_1_258' title='bbox 2020 2847 2062 2874; x_wconf 77' lang='lat' dir='ltr'><strong>sg.</strong></span> 
     </span>
    </p>
   </div>
   <div class='ocr_carea' id='block_1_16' title="bbox 426 2884 1451 3046">
    <p class='ocr_par' dir='ltr' id='par_1_27' title="bbox 513 2884 867 2912">
     <span class='ocr_line' id='line_1_52' title="bbox 513 2884 867 2912; baseline 0.003 -2"><span class='ocrx_word' id='word_1_259' title='bbox 513 2884 524 2901; x_wconf 85' lang='lat'>²</span> <span class='ocrx_word' id='word_1_260' title='bbox 542 2885 694 2912; x_wconf 77' lang='lat' dir='ltr'><strong>Mandorla</strong></span> <span class='ocrx_word' id='word_1_261' title='bbox 713 2887 867 2912; x_wconf 72' lang='lat' dir='ltr'><strong>sbucclatn.</strong></span> 
     </span>
    </p>

    <p class='ocr_par' dir='ltr' id='par_1_28' title="bbox 513 2926 1212 2963">
     <span class='ocr_line' id='line_1_53' title="bbox 513 2926 1212 2963; baseline 0 -9"><span class='ocrx_word' id='word_1_262' title='bbox 513 2926 525 2943; x_wconf 81' lang='lat'>³</span> <span class='ocrx_word' id='word_1_263' title='bbox 545 2928 618 2954; x_wconf 87' lang='lat' dir='ltr'><strong>Cod.</strong></span> <span class='ocrx_word' id='word_1_264' title='bbox 638 2927 710 2960; x_wconf 72' lang='lat' dir='ltr'><strong>cosi,</strong></span> <span class='ocrx_word' id='word_1_265' title='bbox 730 2937 787 2954; x_wconf 90' lang='lat' dir='ltr'><strong>non</strong></span> <span class='ocrx_word' id='word_1_266' title='bbox 807 2930 911 2963; x_wconf 73' lang='lat' dir='ltr'><strong>quidem</strong></span> <span class='ocrx_word' id='word_1_267' title='bbox 933 2935 1013 2954; x_wconf 88' lang='lat' dir='ltr'><strong>come</strong></span> <span class='ocrx_word' id='word_1_268' title='bbox 1035 2929 1102 2954; x_wconf 80' lang='lat' dir='ltr'><strong>altri</strong></span> <span class='ocrx_word' id='word_1_269' title='bbox 1123 2929 1212 2962; x_wconf 86' lang='lat' dir='ltr'><strong>legge.</strong></span> 
     </span>
    </p>

    <p class='ocr_par' dir='ltr' id='par_1_29' title="bbox 426 2969 1451 3046">
     <span class='ocr_line' id='line_1_54' title="bbox 512 2969 1451 3004; baseline 0 -8"><span class='ocrx_word' id='word_1_270' title='bbox 512 2969 523 2985; x_wconf 86' lang='lat'><strong>⁴</strong></span> <span class='ocrx_word' id='word_1_271' title='bbox 544 2970 590 2997; x_wconf 76' lang='lat' dir='ltr'><strong>Cf.</strong></span> <span class='ocrx_word' id='word_1_272' title='bbox 608 2971 720 2997; x_wconf 73' lang='lat' dir='ltr'><strong>Pm&#39;mo</strong></span> <span class='ocrx_word' id='word_1_273' title='bbox 738 2971 924 3004; x_wconf 67' lang='lat' dir='ltr'><strong>CAPPARoxx,</strong></span> <span class='ocrx_word' id='word_1_274' title='bbox 948 2972 976 2997; x_wconf 87' lang='lat' dir='ltr'><strong>Il</strong></span> <span class='ocrx_word' id='word_1_275' title='bbox 986 2974 1102 2997; x_wconf 82' lang='lat' dir='ltr'><strong>trattato</strong></span> <span class='ocrx_word' id='word_1_276' title='bbox 1122 2971 1136 2985; x_wconf 72' lang='lat'><strong>¹¹</strong></span> <span class='ocrx_word' id='word_1_277' title='bbox 1146 2972 1190 2997; x_wconf 78' lang='lat' dir='ltr'><strong>De</strong></span> <span class='ocrx_word' id='word_1_278' title='bbox 1202 2975 1315 3003; x_wconf 75' lang='lat' dir='ltr'><strong>quatuor</strong></span> <span class='ocrx_word' id='word_1_279' title='bbox 1369 2972 1451 2997; x_wconf 77' lang='lat' dir='ltr'><strong>trica.</strong></span> 
     </span>
     <span class='ocr_line' id='line_1_55' title="bbox 426 3012 1313 3046; baseline 0.002 -10"><span class='ocrx_word' id='word_1_280' title='bbox 426 3012 439 3025; x_wconf 70' lang='lat'><strong>⁴¹</strong></span> <span class='ocrx_word' id='word_1_281' title='bbox 450 3013 621 3046; x_wconf 75' lang='lat' dir='ltr'><strong>humoribus„</strong></span> <span class='ocrx_word' id='word_1_282' title='bbox 637 3014 666 3038; x_wconf 87' lang='lat' dir='ltr'><strong>di</strong></span> <span class='ocrx_word' id='word_1_283' title='bbox 686 3015 810 3039; x_wconf 69' lang='lat' dir='ltr'>ALBANO</span> <span class='ocrx_word' id='word_1_284' title='bbox 825 3014 837 3039; x_wconf 94' lang='lat'>1</span> <span class='ocrx_word' id='word_1_285' title='bbox 856 3015 1028 3039; x_wconf 81' lang='lat' dir='ltr'><strong>arcivescovo</strong></span> <span class='ocrx_word' id='word_1_286' title='bbox 1041 3014 1072 3038; x_wconf 78' lang='lat' dir='ltr'><strong>di</strong></span> <span class='ocrx_word' id='word_1_287' title='bbox 1091 3015 1192 3045; x_wconf 76' lang='lat' dir='ltr'><strong>Capua,</strong></span> <span class='ocrx_word' id='word_1_288' title='bbox 1212 3014 1241 3038; x_wconf 87' lang='lat' dir='ltr'><strong>ln</strong></span> <span class='ocrx_word' id='word_1_289' title='bbox 1263 3015 1313 3038; x_wconf 87' lang='lat' dir='ltr'><strong>Ca-</strong></span> 
     </span>
    </p>
   </div>
   <div class='ocr_carea' id='block_1_17' title="bbox 1458 2881 2262 2962">
    <p class='ocr_par' dir='ltr' id='par_1_30' title="bbox 1458 2871 2313 2970">
     <span class='ocr_line' id='line_1_56' title="bbox 1461 2881 2262 2917; baseline -0.006 -5"><span class='ocrx_word' id='word_1_290' title='bbox 1461 2886 1471 2902; x_wconf 83' lang='lat'>⁵</span> <span class='ocrx_word' id='word_1_291' title='bbox 1493 2886 1565 2912; x_wconf 87' lang='lat' dir='ltr'><strong>Cod.</strong></span> <span class='ocrx_word' id='word_1_292' title='bbox 1585 2886 1656 2917; x_wconf 76' lang='lat' dir='ltr'><strong>cosi,</strong></span> <span class='ocrx_word' id='word_1_293' title='bbox 1675 2893 1734 2912; x_wconf 89' lang='lat' dir='ltr'><strong>non</strong></span> <span class='ocrx_word' id='word_1_294' title='bbox 1753 2886 1803 2911; x_wconf 75' lang='lat' dir='ltr'><strong>sed</strong></span> <span class='ocrx_word' id='word_1_295' title='bbox 1825 2889 1853 2911; x_wconf 75' lang='lat' dir='ltr'><strong>et</strong></span> <span class='ocrx_word' id='word_1_296' title='bbox 1870 2885 1965 2914; x_wconf 78' lang='lat' dir='ltr'><strong>leviat,</strong></span> <span class='ocrx_word' id='word_1_297' title='bbox 1984 2890 2064 2909; x_wconf 87' lang='lat' dir='ltr'><strong>come</strong></span> <span class='ocrx_word' id='word_1_298' title='bbox 2082 2882 2150 2909; x_wconf 73' lang='lat' dir='ltr'><strong>altri</strong></span> <span class='ocrx_word' id='word_1_299' title='bbox 2169 2881 2262 2917; x_wconf 71' lang='lat' dir='ltr'><strong>legge.</strong></span> 
     </span>
     <span class='ocr_line' id='line_1_57' title="bbox 1458 2924 2262 2962; baseline -0.006 -7"><span class='ocrx_word' id='word_1_300' title='bbox 1458 2926 1469 2944; x_wconf 83' lang='lat'>⁸</span> <span class='ocrx_word' id='word_1_301' title='bbox 1490 2929 1561 2954; x_wconf 86' lang='lat' dir='ltr'><strong>Cod.</strong></span> <span class='ocrx_word' id='word_1_302' title='bbox 1580 2927 1649 2960; x_wconf 75' lang='lat' dir='ltr'><strong>cosi,</strong></span> <span class='ocrx_word' id='word_1_303' title='bbox 1664 2929 1705 2962; x_wconf 87' lang='lat' dir='ltr'><strong>gli</strong></span> <span class='ocrx_word' id='word_1_304' title='bbox 1721 2928 1790 2954; x_wconf 79' lang='lat' dir='ltr'><strong>altri</strong></span> <span class='ocrx_word' id='word_1_305' title='bbox 1802 2931 1870 2960; x_wconf 69' lang='lat' dir='ltr'><strong>spes,</strong></span> <span class='ocrx_word' id='word_1_306' title='bbox 1882 2928 1984 2952; x_wconf 83' lang='lat' dir='ltr'><strong>contro</strong></span> <span class='ocrx_word' id='word_1_307' title='bbox 1999 2926 2020 2951; x_wconf 83' lang='lat'><strong>11</strong></span> <span class='ocrx_word' id='word_1_308' title='bbox 2040 2932 2122 2951; x_wconf 72' lang='lat' dir='ltr'><strong>senso</strong></span> <span class='ocrx_word' id='word_1_309' title='bbox 2136 2933 2151 2951; x_wconf 84' lang='lat' dir='ltr'><strong>e</strong></span> <span class='ocrx_word' id='word_1_310' title='bbox 2164 2924 2192 2951; x_wconf 73' lang='lat' dir='ltr'><strong>lu</strong></span> <span class='ocrx_word' id='word_1_311' title='bbox 2205 2931 2262 2950; x_wconf 79' lang='lat' dir='ltr'><strong>me-</strong></span> 
     </span>
    </p>
   </div>
   <div class='ocr_carea' id='block_1_18' title="bbox 1455 2991 2306 3046">
    <p class='ocr_par' dir='ltr' id='par_1_31' title="bbox 1455 2991 2306 3050">
     <span class='ocr_line' id='line_1_58' title="bbox 1455 2991 2306 3046; baseline -0.006 -7"><span class='ocrx_word' id='word_1_312' title='bbox 1455 3012 1467 3029; x_wconf 86' lang='lat'><em>⁷</em></span> <span class='ocrx_word' id='word_1_313' title='bbox 1487 3013 1559 3039; x_wconf 90' lang='lat' dir='ltr'><strong>Cod.</strong></span> <span class='ocrx_word' id='word_1_314' title='bbox 1578 3013 1647 3044; x_wconf 82' lang='lat' dir='ltr'><strong>cosl,</strong></span> <span class='ocrx_word' id='word_1_315' title='bbox 1675 3014 1763 3039; x_wconf 77' lang='lat' dir='ltr'><strong>Virtus</strong></span> <span class='ocrx_word' id='word_1_316' title='bbox 1787 3013 1827 3046; x_wconf 80' lang='lat' dir='ltr'><strong>gli</strong></span> <span class='ocrx_word' id='word_1_317' title='bbox 1849 3012 1917 3038; x_wconf 74' lang='lat' dir='ltr'><strong>altri</strong></span> <span class='ocrx_word' id='word_1_318' title='bbox 1936 3013 2037 3037; x_wconf 85' lang='lat' dir='ltr'><strong>contro</strong></span> <span class='ocrx_word' id='word_1_319' title='bbox 2056 3010 2078 3035; x_wconf 85' lang='lat' dir='ltr'><strong>il</strong></span> <span class='ocrx_word' id='word_1_320' title='bbox 2097 3017 2180 3036; x_wconf 78' lang='lat' dir='ltr'><strong>senso</strong></span> <span class='ocrx_word' id='word_1_321' title='bbox 2198 3016 2212 3034; x_wconf 88' lang='lat' dir='ltr'><strong>e</strong></span> <span class='ocrx_word' id='word_1_322' title='bbox 2231 3009 2260 3035; x_wconf 68' lang='lat' dir='ltr'><strong>ln</strong></span> <span class='ocrx_word' id='word_1_323' title='bbox 2290 2991 2306 3011; x_wconf 20' lang='grc' dir='ltr'><strong>’γ</strong></span> 
     </span>
    </p>
   </div>
   <div class='ocr_carea' id='block_1_19' title="bbox 425 3055 1493 3090">
    <p class='ocr_par' dir='ltr' id='par_1_32' title="bbox 425 3055 1493 3090">
     <span class='ocr_line' id='line_1_59' title="bbox 425 3055 1493 3090; baseline 0.003 -12"><span class='ocrx_word' id='word_1_324' title='bbox 425 3055 550 3084; x_wconf 75' lang='lat' dir='ltr'><strong>sinensta,</strong></span> <span class='ocrx_word' id='word_1_325' title='bbox 573 3062 639 3090; x_wconf 86' lang='lat'>¹9²4</span> <span class='ocrx_word' id='word_1_326' title='bbox 659 3057 850 3088; x_wconf 63' lang='lat' dir='ltr'><strong>(Miscellanea</strong></span> <span class='ocrx_word' id='word_1_327' title='bbox 870 3058 900 3082; x_wconf 77' lang='lat' dir='ltr'><strong>di</strong></span> <span class='ocrx_word' id='word_1_328' title='bbox 917 3058 992 3082; x_wconf 79' lang='lat' dir='ltr'><strong>studi</strong></span> <span class='ocrx_word' id='word_1_329' title='bbox 1012 3057 1148 3082; x_wconf 78' lang='lat' dir='ltr'><strong>Cassinesi</strong></span> <span class='ocrx_word' id='word_1_330' title='bbox 1164 3057 1316 3090; x_wconf 72' lang='lat' dir='ltr'><strong>pubblicati</strong></span> <span class='ocrx_word' id='word_1_331' title='bbox 1367 3057 1493 3082; x_wconf 82' lang='lat' dir='ltr'><strong>metrica.</strong></span> 
     </span>
    </p>
   </div>
   <div class='ocr_carea' id='block_1_20' title="bbox 2282 0 2320 3444">
    <p class='ocr_par' dir='ltr' id='par_1_33' title="bbox 2282 0 2320 3444">
     <span class='ocr_line' id='line_1_60' title="bbox 2282 0 2320 3444; baseline 0 0"><span class='ocrx_word' id='word_1_332' title='bbox 2282 0 2320 3444; x_wconf 95' lang='lat' dir='ltr'><strong> </strong></span> 
     </span>
    </p>
   </div>
  </div>
 </body>
</html>
