2320 3444
94 215 318 242 Mun..ce.1022-2³
339 206 409 246 170
791 205 1068 240 RYCCARDI
1096 204 1167 239 DE
1195 202 1407 239 SANCTO
1436 203 1708 240 GERMANO
2005 210 2056 247 [Α.
2077 210 2170 258 1230]

327 338 542 371 Pontiscurui
566 343 600 370 et
624 337 847 370 Pedemontis
870 342 904 369 et
929 335 1117 368 Castellum
1140 346 1268 368 nouum
1292 335 1426 368 restitui
1450 336 1593 369 mandat
1616 335 1734 370 abbati
1756 336 1937 370 Casinensi
1963 349 1984 370 a
2014 337 2168 372 dominis

326 392 465 435 Aquini,
488 392 547 434 qui
571 403 610 423 ea
633 390 818 422 seruabant
841 390 886 421 ad
910 400 996 432 opus
1020 400 1128 421 suum.

412 445 543 477 Eodem
567 454 684 475 mense
708 443 822 475 littere
846 443 880 474 in
905 442 1035 474 Sancto
1060 443 1235 475 Germano
1259 448 1439 481 uenerunt,
1470 452 1554 485 quas
1576 442 1716 485 quidam
1740 443 1904 486 magister
1925 443 2099 478 Iohannes
2121 445 2166 478 de

325 498 463 530 ciuitate
487 495 623 529 Toleti¹
648 496 806 528 omnibus
830 506 892 538 per
916 496 1034 528 orbem
1058 495 1269 528 christicolis
1292 496 1486 539 uulgandas
1509 496 1707 534 transmisit,
1723 506 1868 539 quarum
1884 502 1985 530 tenor
1999 497 2079 532 talis
2095 503 2166 531 est:

794 602 953 645 Epistula
976 603 1078 635 missa
1102 613 1122 634 a
1144 602 1309 645 magistro
1334 603 1488 635 Iohanne
1511 602 1696 636 Toletano.
2212 603 2233 638 5

413 686 427 701 ‘⁴
440 683 543 716 Anno
566 695 586 715 a
609 683 789 716 natiuitate
812 683 952 716 Domini
976 682 1165 716 Millesimo
1190 682 1404 716 CC⁰XXIX⁰
1420 694 1528 726 usque
1546 683 1592 716 ad
1608 693 1717 716 annos
1740 693 1794 716 vn
1812 694 1931 717 meuse
1947 683 2166 728 Septembris

327 736 424 769 “sole
449 737 617 769 existente
641 736 675 768 in
700 736 808 769 Libra
831 743 865 769 et
888 737 1002 769 cauda
1024 736 1198 774 draconis,
1222 735 1351 769 ibidem
1376 736 1442 768 erit
1471 736 1696 769 ammirabilis
1717 746 1773 769 res
1798 746 1914 769 rerum
1943 737 2165 777 mirabilium,

326 792 340 807 “
354 796 389 822 et
412 790 611 823 mutationis
631 797 827 833 temporum
851 790 1095 834 significantia.
1142 790 1182 822 In
1210 800 1327 823 mense
1350 790 1411 822 illo
1435 790 1494 823 fiet
1516 796 1721 823 terremotus
1751 790 1931 830 mirabilis,
1955 797 1990 825 et
2013 792 2168 825 destruet

328 843 460 876 “multa
484 844 560 877 loca
582 855 645 887 per
668 843 853 876 Saturnum
878 850 912 876 et
936 844 1085 876 Martem
1109 849 1286 876 manentes
1309 844 1345 876 in
1368 843 1477 887 signis
1499 843 1601 882 aeris,
1625 850 1660 876 et
1684 844 1749 876 erit
1770 840 1952 878 infirmitas
1975 850 2011 878 et
2041 851 2168 879 morta-
2251 880 2269 885 ,

327 900 341 914 “
356 898 434 929 litas
449 898 576 930 ualida.
600 898 771 931 Ostendet
786 898 889 930 etiam
906 898 1028 930 eadem
1045 897 1245 930 coniunctio
1257 903 1399 930 uentum
1412 897 1567 931 ualidum
1583 897 1824 940 denigrantem
1837 907 1918 930 aera
1930 903 1965 931 et
1980 898 2166 932 obscurum
2193 899 2233 933 10

325 951 569 990 “reddentem‚
593 957 629 984 et
651 951 796 984 uenenis
818 951 991 984 infectum
1014 957 1048 984 et
1071 951 1260 993 repletum
1287 956 1322 983 et
1344 951 1381 983 in
1404 957 1509 984 uento
1532 961 1639 984 uoces
1664 951 1839 984 terribiles
1862 951 1971 985 corda
1986 951 2164 986 hominum
2252 955 2254 959 “

326 1007 339 1021 “
353 1004 581 1042 obstruentes,
605 1012 640 1038 et
662 1017 682 1037 a
706 1004 907 1048 regionibus
929 1004 1110 1038 harenosis
1125 1004 1303 1037 sablonem
1319 1004 1515 1043 subleuans,
1533 1015 1574 1038 ac
1590 1015 1696 1048 supra
1713 1005 1874 1037 ciuitates
1889 1005 1973 1038 sitas
1987 1006 2167 1048 proximas

324 1061 337 1076 ‘⁴
351 1059 489 1102 plagam
513 1059 698 1097 deducens,
723 1064 758 1091 et
780 1058 987 1100 cooperiens
1010 1068 1079 1096 eas,
1102 1058 1150 1091 ita
1173 1058 1277 1091 etiam
1302 1058 1398 1102 quod
1419 1069 1478 1091 eas
1500 1058 1698 1092 suffocabit.
1744 1058 1790 1091 Et
1812 1058 1923 1102 primo
1939 1059 2096 1092 destruet
2119 1060 2168 1093 ci-

148 1127 169 1143 c.
180 1128 230 1146 sor
324 1111 339 1127 “
351 1113 477 1145 uitates
501 1112 697 1150 orientales,
722 1119 756 1144 et
771 1112 984 1144 nominatum
1000 1111 1162 1152 Thetam‚
1179 1112 1347 1150 Baldach,
1365 1111 1547 1156 Capolym,
1564 1111 1793 1151 Babiloniam,
1810 1117 1845 1145 et
1860 1111 1991 1145 omnes'
2009 1112 2169 1147 ciuitates
2268 1147 2269 1150 ,

321 1167 335 1182 “
351 1167 531 1199 harenosis
554 1166 640 1199 locis
663 1167 756 1204 sitas,
780 1166 835 1198 uel
860 1166 1046 1208 proximas,
1068 1166 1118 1198 ita
1141 1165 1236 1210 quod
1266 1165 1360 1198 nulla
1391 1177 1508 1198 earum
1532 1166 1660 1199 euadet
1690 1166 1776 1209 quin
1806 1166 1947 1199 harenis
1978 1171 2050 1200 tota
2080 1176 2166 1210 ope·
2193 1165 2232 1200 15
2266 1164 2269 1165 ’

323 1219 468 1252 “riatun
514 1220 590 1252 Erit
611 1220 734 1252 iterum
758 1218 882 1252 eodem
905 1229 1007 1258 anno,
1031 1219 1128 1262 prius
1150 1230 1253 1262 quam
1277 1219 1418 1261 planete
1442 1219 1655 1252 conueniant
1676 1219 1712 1251 in
1735 1219 1855 1258 Libra,
1879 1219 2057 1264 enelypsis
2072 1219 2167 1260 solis,
2255 1222 2258 1231 “

321 1275 335 1290 “
347 1283 414 1315 que
430 1279 536 1306 totum
553 1283 679 1315 corpus
695 1272 786 1305 illius
801 1272 1012 1312 obscurabit,
1027 1279 1061 1306 et
1077 1273 1142 1305 hac
1160 1273 1362 1315 operatione
1379 1272 1606 1315 precedente,
1623 1273 1705 1305 luna
1721 1279 1793 1305 tota
1807 1272 1959 1315 patietur
1973 1273 2165 1317 enclypsin.

321 1326 335 1342 “
349 1327 426 1359 Erit
449 1327 624 1370 enclypsis
647 1326 728 1359 solis
750 1326 844 1370 ignei
869 1326 999 1359 coloris
1022 1332 1058 1359 et
1081 1326 1262 1366 deformis,
1297 1326 1484 1359 ostendens
1515 1326 1700 1359 maximum
1732 1327 1889 1359 futurum
1920 1326 2050 1359 bellum
2080 1337 2160 1360 cum

322 1381 521 1413 “effusione
545 1380 721 1424 sanguinis
745 1391 854 1423 prope
878 1380 1020 1413 fluuium
1044 1380 1079 1412 in
1103 1386 1198 1413 terra
1220 1379 1386 1418 Orientis,
1410 1385 1445 1412 et
1467 1380 1652 1413 similiter
1642 1386 1788 1413 interra
1810 1379 2027 1419 Occidentis,
2050 1386 2086 1413 et
2100 1381 2168 1414 erit
2216 1403 2219 1405 >
2254 1374 2267 1423 f

322 1436 336 1451 “
351 1434 509 1467 dubietas
532 1440 567 1467 et
590 1434 789 1477 ignorantia
811 1434 901 1466 inter
923 1434 1148 1471 Sarracenos,
1172 1433 1221 1467 ita
1244 1434 1339 1477 quod
1363 1434 1499 1476 penitus
1521 1444 1730 1478 synagogas,
1754 1434 1963 1466 maumerias
1978 1440 2014 1467 et
2029 1439 2165 1469 secreta
2186 1435 2232 1468 20
2253 1442 2271 1482 ἣ

323 1490 470 1520 “eorum
498 1488 706 1531 relinquent.
753 1487 1003 1520 Uerumtamen
1034 1492 1155 1520 notum
1185 1487 1230 1520 sit
1260 1487 1420 1520 omnibus
1450 1487 1511 1531 qui
1543 1487 1736 1531 enclypsim
1766 1487 1848 1520 solis
1878 1487 2053 1527 uidebitis,
2083 1498 2163 1521 cum
2269 1486 2271 1490 ⁴

323 1541 510 1573 “omnibus
533 1541 657 1573 uestris
680 1552 701 1573 a
725 1547 816 1573 terra
839 1540 982 1580 exeatis,
1006 1546 1042 1574 et
1064 1547 1102 1573 ut
1125 1542 1194 1573 hec
1217 1540 1372 1573 firmiora
1387 1546 1421 1573 et
1438 1540 1590 1573 certiora
1606 1541 1764 1579 teneatis,
1780 1545 1970 1584 antequam
1985 1540 2165 1586 enclypsis

319 1594 427 1627 “solis
450 1601 484 1627 et
507 1595 588 1626 lune
611 1595 680 1632 fiat,
697 1594 765 1627 erit
780 1601 872 1627 terre
889 1601 1013 1632 motus,
1037 1594 1240 1634 mortalitas,
1264 1594 1374 1626 fames
1397 1593 1525 1636 ualida,
1541 1594 1653 1636 prelia
1669 1599 1703 1626 et
1719 1594 1870 1627 carestia
1885 1595 1962 1626 fere
1978 1605 2042 1637 per
2057 1600 2164 1628 totum

320 1648 481 1686 “orbem‚
505 1655 539 1680 et
562 1654 645 1680 tunc
669 1647 809 1691 quidam
827 1649 996 1680 maximus
1011 1648 1206 1690 Imperator
1221 1648 1399 1680 morietur.
1446 1647 1491 1679 Et
1506 1657 1625 1680 mense
1643 1647 1858 1690 Septembris
1873 1653 1954 1690 post
1970 1647 2164 1692 enclypsim

318 1701 430 1734 “solis
452 1707 488 1734 et
510 1701 590 1734 lune
613 1713 708 1734 mare
732 1702 823 1734 ultra
846 1702 984 1734 solitum
1008 1707 1155 1741 crescet,
1179 1707 1214 1734 et
1238 1711 1360 1734 omnes
1382 1702 1458 1734 fere
1482 1701 1578 1734 uenti
1602 1700 1746 1739 flabunt,
1771 1700 1821 1733 ita
1837 1701 1932 1744 quod
1955 1700 2051 1734 nulla
2067 1701 2165 1734 nauis
2186 1700 2263 1734 25¹
2269 1721 2282 1730 v

322 1755 384 1787 “in
408 1756 493 1787 mari
517 1756 655 1793 euadet‚
677 1755 822 1789 arbores
845 1755 1007 1793 euellent‚
1031 1755 1171 1788 edificia
1193 1756 1398 1788 subuertent
1420 1755 1517 1787 uenti
1540 1760 1575 1787 et
1598 1760 1689 1787 terre
1712 1760 1836 1788 motus.
1882 1754 1987 1788 Unde
2009 1755 2038 1788 si
2061 1755 2165 1788 uultis
2265 1757 2270 1765 ’

321 1811 335 1826 “
350 1810 512 1848 euadere,
536 1809 568 1840 in
594 1809 705 1852 planis
729 1810 952 1842 circumdatis
976 1809 1152 1842 montibus
1174 1809 1284 1842 facite
1307 1814 1534 1850 cooperturas
1557 1808 1718 1847 trabium,
1735 1814 1771 1841 et
1786 1814 1912 1841 terram
1929 1807 2164 1851 superponite,

320 1865 334 1880 “
347 1873 415 1906 que
439 1863 509 1895 sint
531 1863 635 1907 longe
660 1874 680 1895 a
702 1863 828 1906 plagiis
851 1869 887 1896 et
901 1863 1074 1895 montanis
1096 1862 1196 1900 locis,
1220 1868 1254 1895 et
1276 1861 1336 1895 ubi
1360 1872 1430 1894 non
1447 1862 1515 1894 sint
1531 1861 1675 1894 arbores
1690 1872 1801 1904 prope
1818 1861 1942 1905 quibus
1957 1872 1996 1894 os
2012 1871 2164 1895 cauerne

318 1917 332 1932 ‘⁴
348 1916 455 1959 possit
479 1917 623 1959 operiri;
649 1923 684 1949 et
707 1917 744 1949 in
769 1916 819 1948 eis
841 1917 983 1949 introite
1007 1927 1084 1948 cum
1110 1916 1243 1948 familia
1266 1921 1385 1948 uestra
1407 1921 1441 1947 et
1463 1915 1567 1948 rebus
1590 1916 1799 1948 necessariis
1820 1925 1885 1958 per
1915 1925 1993 1948 xxx
2023 1915 2098 1948 dies
2128 1921 2164 1949 et

320 1970 424 2012 “plus
448 1970 691 2003 habundanter
713 1970 812 2003 uobis
836 1976 870 2002 et
900 1970 1033 2003 familie
1064 1975 1191 2008 vestre,
1222 1975 1257 2002 et
1280 1969 1347 2002 hec
1370 1969 1416 2001 ad
1439 1969 1718 2011 redemptionem
1749 1968 1940 2001 animarum
1971 1973 2163 2002 uestrarum
2185 1969 2230 2001 30
2260 1986 2275 2010 ‘.

318 2023 333 2039 ⁴
348 2024 586 2067 ignorantibus
609 2024 822 2056 denuntiate.
863 2024 902 2055 In
918 2023 985 2055 hiis
1001 2023 1094 2055 enim
1111 2023 1291 2056 nobiscum
1316 2023 1512 2055 concordes
1535 2028 1612 2055 sunt
1629 2033 1749 2055 omnes
1765 2022 1931 2065 astrologi
1947 2028 1983 2055 et
1996 2032 2163 2066 geoman·
2266 2014 2268 2020 ’

318 2078 332 2093 “
344 2077 407 2110 tici
432 2077 550 2109 Toleti
566 2077 759 2121 Hyspanie,
775 2076 939 2119 Ethiopie
962 2083 997 2109 et
1020 2076 1166 2116 aliarum
1191 2076 1450 2119 prouinciarum
1466 2075 1682 2108 diuersarum
1698 2075 1866 2118 gentium,
1883 2076 2163 2117 christianorum,

319 2132 333 2147 ¹⁴
347 2130 618 2163 Sarracenorum
643 2137 678 2163 et
701 2130 931 2173 Hebreorum,
955 2136 990 2162 et
1014 2140 1134 2163 omnes
1156 2130 1356 2172 philosophi
1372 2129 1439 2162 hoc
1456 2128 1634 2161 affirmant.
1680 2129 1726 2162 Et
1748 2130 1818 2162 hoc
1840 2129 1999 2162 nnumin
2014 2129 2162 2163 ueritate

320 2186 333 2201 “
348 2185 487 2222 scimus,
511 2186 605 2227 quod
629 2196 690 2217 rex
713 2184 988 2217 Mathemelinus
1010 2189 1140 2217 turrem
1165 2184 1253 2216 facit
1277 2194 1354 2216 cum
1380 2182 1516 2215 fabrica
1541 2183 1802 2215 eminentiorem
1827 2183 1987 2216 omnibus
2015 2182 2163 2216 fabricis
2269 2223 2271 2227 ι

319 2240 380 2270 “et
404 2239 606 2271 crossiorem
632 2244 665 2270 et
689 2239 906 2281 ampliorem,
930 2238 974 2270 ad
995 2238 1104 2270 instar
1126 2237 1266 2270 maximi
1289 2236 1426 2275 montis,
1450 2237 1495 2269 ita
1519 2236 1614 2280 quod
1638 2247 1758 2269 omnes
1774 2236 1827 2269 sui
1844 2236 1975 2270 habent
1990 2246 2162 2280 expensas
2184 2235 2226 2270 35
2268 2228 2272 2253 ²

318 2292 381 2323 “in
405 2292 479 2334 ipsa
503 2291 649 2324 fabrica.
696 2292 740 2324 Et
762 2291 855 2324 idem
877 2292 1036 2325 audimus
1058 2291 1103 2323 de
1127 2301 1210 2334 rege
1233 2289 1342 2329 Siclo,
1366 2300 1433 2333 que
1456 2291 1656 2333 periculosa
1679 2290 1886 2331 uidentur„.
2276 2287 2278 2289 ’

75 2387 207 2434 δ”ξξζῇζξῡ
241 2389 291 2435 ξζῐζ
402 2390 604 2423 Sabinensis
629 2391 817 2434 episcopus
841 2396 875 2423 et
892 2389 1078 2423 cardinalis
1093 2395 1212 2422 sancte
1237 2389 1370 2422 Sabine
1387 2389 1444 2421 die
1460 2389 1560 2422 Lune
1577 2388 1697 2432 quinto
1714 2389 1874 2423 intrantis
1890 2388 2039 2434 Augusti
2061 2399 2161 2423 rece-

400 2526 423 2552 5.
445 2522 638 2554 Epistula....
659 2522 802 2547 Toletano
822 2530 915 2546 manca
936 2522 1011 2546 Uen.
1031 2530 1044 2545 e
1064 2521 1126 2545 Dsn
1145 2521 1190 2545 Rn
1209 2533 1241 2538 --
1264 2519 1350 2552 15-16.
1370 2521 1552 2552 cooperiatur
1565 2520 1640 2545 Uen.
1655 2529 1669 2545 e
1682 2521 1745 2545 Det,
1765 2519 1810 2544 Ru
1830 2534 1862 2539 —
1884 2519 1924 2545 16.
1943 2519 2030 2545 lela
2050 2520 2127 2545 Uen.
2146 2532 2158 2540 -

311 2566 432 2598 eclypsis
453 2566 528 2590 UGH.
549 2575 562 2590 e
581 2567 643 2591 Dar.
662 2567 706 2591 Rs
727 2581 755 2585 —
782 2572 821 2598 17.
840 2574 894 2598 que
913 2567 1006 2591 totum
1026 2573 1191 2598 corpus....
1211 2566 1338 2598 patietur
1356 2565 1507 2597 enclypsin
1527 2573 1620 2590 manca
1639 2565 1717 2590 Uen.
1730 2574 1744 2589 ε
1762 2565 1825 2589 Din.
1843 2565 1888 2589 Rs
1908 2577 1940 2583 —
1961 2571 2004 2589 21.
2023 2565 2160 2598 eclypsim

312 2608 387 2632 Ucu.
407 2617 420 2632 e
440 2609 503 2632 Dar
522 2608 566 2632 Rr.
587 2622 619 2626 —
638 2615 682 2641 30.
702 2609 881 2634 abundanter
900 2609 977 2633 Uen.
996 2617 1010 2632 e
1029 2608 1093 2632 Dar„
1111 2608 1155 2632 Rs
1173 2621 1206 2626 —
1226 2614 1269 2640 35.
1288 2609 1462 2640 grossiorem
1482 2607 1559 2632 Uen.
1578 2616 1592 2632 e
1610 2607 1674 2632 Dsr.
1692 2605 1736 2631 Rs

400 2709 408 2726 ¹
429 2710 541 2735 Toledo
564 2712 591 2735 su
613 2719 670 2735 uno
690 2711 735 2735 dei
754 2712 847 2736 centri
868 2710 917 2743 piis
933 2711 1103 2743 important]
1117 2717 1167 2743 per
1181 2710 1207 2734 la
1264 2708 1368 2734 “Ssera
1388 2709 1417 2733 di
1438 2710 1647 2742 A1·Bitrog1„;
1667 2709 1703 2734 cs.
1723 2708 1757 2734 C.
1776 2709 1811 2735 H.
1829 2709 1988 2740 luscam-s,
2009 2710 2117 2735 Studia
2135 2710 2163 2734 in

270 2756 283 2780 5
311 2753 482 2777 traduzione
501 2754 574 2778 delle
594 2762 679 2785 opere
699 2755 791 2782 arabe,
811 2762 824 2778 e
847 2754 889 2778 fra
901 2755 999 2784 queste
1012 2753 1100 2777 anche
1114 2752 1208 2784 quelle
1262 2753 1304 2776 tlte
1324 2751 1435 2784 History
1453 2752 1489 2785 os
1508 2753 1674 2777 Mediarval
1698 2752 1815 2780 Science,
1840 2751 1968 2776 Harvard
1995 2752 2163 2784 Universlty

310 2794 339 2818 di
362 2795 537 2827 Astrologia.
575 2796 639 2819 Non
660 2795 674 2820 ὲ
695 2795 888 2827 improbabile
906 2795 1007 2827 ch‘egli
1023 2795 1106 2818 abbia
1119 2802 1206 2819 cono·
1262 2795 1351 2823 Press,
1367 2801 1442 2827 19²4·
1457 2802 1482 2826 p.
1498 2800 1559 2826 273,
1573 2802 1600 2819 n.
1613 2801 1642 2826 95
1656 2794 1741 2823 Inna,
1758 2794 1811 2818 The
1823 2794 2163 2827 Renan'ssanceojtwelfth
2270 2823 2281 2830 „

310 2837 403 2860 seluto
424 2837 546 2861 Michcle
558 2838 654 2867 Scoto,
666 2839 716 2862 che
729 2838 846 2871 godette
861 2839 869 2862 i
884 2837 981 2862 favori
995 2837 1026 2861 dl
1040 2837 1154 2862 Onorio
1166 2836 1207 2861 111
1262 2837 1388 2869 Century,
1407 2836 1537 2861 Harvard
1557 2837 1727 2870 Unlversity
1746 2836 1838 2866 Press,
1859 2841 1936 2869 1927,
1956 2844 1983 2869 p.
2006 2835 2056 2868 287
2081 2843 2096 2861 e
2121 2843 2161 2870 ες.
2192 2838 2222 2866 15
2270 2830 2281 2843 ”

310 2886 324 2901 e
342 2878 371 2902 di
391 2878 531 2910 Gregorio
551 2880 599 2909 IX,
618 2887 632 2904 e
653 2888 700 2913 per
721 2881 749 2905 la
769 2882 861 2912 prims
886 2879 968 2904 volta
995 2880 1018 2903 si
1046 2879 1156 2903 ritrova
1176 2880 1206 2903 ln
1260 2879 1310 2903 Sui
1331 2881 1405 2904 versi
1426 2879 1477 2903 che
1497 2880 1522 2904 si
1541 2879 1639 2904 hanno
1659 2879 1704 2903 nel
1733 2879 1892 2903 Vaticinium
1912 2879 1942 2903 di
1961 2877 2112 2904 Giovanni
2131 2878 2162 2903 dl
2274 2879 2280 2890 '¹

309 2920 419 2945 Toledo
442 2921 453 2933 ¹¹
468 2922 496 2945 in
520 2922 630 2946 decimo
657 2925 760 2947 octavo
787 2923 832 2947 die
859 2923 970 2947 veneris
997 2921 1111 2954 augusti
1135 2921 1207 2946 hora
1260 2921 1382 2950 Toledo,
1396 2922 1433 2946 cs.
1446 2921 1563 2946 Neues
1577 2921 1731 2953 ArchIV‚
1746 2920 1835 2951 XXX,
1847 2929 1874 2953 p.
1889 2928 1939 2954 353
1955 2922 2032 2946 nota.
2062 2919 2162 2946 Venne

253 2968 283 2985 10
311 2961 420 2986 “tertia
448 2970 509 2987 cum
537 2964 648 2988 Abuteo
678 2964 766 2989 levite
795 2972 873 2989 anno
902 2963 1116 2989 incarnationis
1143 2963 1206 2988 Iesu
1260 2971 1329 2996 pure
1349 2964 1378 2988 ln
1399 2964 1485 2988 Italia
1499 2964 1582 2995 dove,
1595 2963 1721 2989 secondo
1741 2963 1762 2988 ll
1784 2965 1883 2988 nostro
1896 2963 1938 2994 R„
1960 2963 2072 2996 nell’ag.
2094 2969 2158 2995 1241

311 3002 321 3014 ¹⁴
336 3003 443 3028 Christi
473 3011 565 3036 1217„
591 3013 607 3030 a
634 3007 808 3038 completare
833 3006 859 3031 la
885 3006 1057 3039 traduzione
1082 3006 1116 3030 de
1141 3005 1206 3030 “La
1261 3006 1283 3029 si
1305 3003 1390 3029 trovo
1410 3013 1425 3029 a
1444 3005 1543 3030 Tivoll
1565 3006 1613 3031 col
1632 3005 1776 3030 cardinali
1797 3004 1938 3030 Giacomo
1956 3012 1971 3030 e
1989 3003 2123 3030 Oddone.
