2320 3444
68 230 86 268 3-
102 219 166 259 ᾳ.
184 220 279 256 12221
889 213 1167 251 cHRoNICA
1500 248 1504 252 ,
1872 206 1944 244 105

92 374 94 376 ,
111 346 243 379 ‘etism
273 346 362 380 illud
389 346 531 379 mictam
563 346 608 379 de
639 352 756 379 cetero
778 356 845 379 nec
869 356 948 388 por-

68 397 126 447 “51:2⁷⁸
138 398 232 439 tabo,
255 405 290 432 et
313 400 407 443 quod
430 399 578 432 seruabo
602 399 718 432 omnia
733 398 887 442 capitula
903 399 948 430 si-

111 453 199 486 ‘cut
221 451 352 495 scripta
374 458 453 485 sunt
479 452 515 484 in
538 457 667 485 statuto
697 451 859 485 ciuitatis.
903 451 950 483 Et

111 505 168 539 “si
191 505 280 538 scire
303 512 426 548 potero
457 506 552 549 quod
581 505 659 547 si[c]
691 505 816 548 aliquis
839 504 949 537 faciat

67 552 259 601 4⁷2⁴⁸contra
280 558 451 601 predicta,
482 557 688 602 significabo
719 568 822 602 quam
847 557 949 590 citius
1035 553 1053 586 5

109 612 262 656 ‘potero
284 623 348 655 per
369 623 424 645 me
447 612 504 645 uel
525 623 589 655 per
612 611 717 644 alium
731 612 805 643 sine
822 611 948 643 fraude

111 665 282 710 “iurat[is]
307 666 365 698 uel
387 664 586 708 Catepanis.

79 714 81 718 ”
196 719 211 735 “
225 719 302 752 Hec
323 719 438 752 omnia
459 719 537 751 iuro
561 724 596 751 et
618 724 735 751 cetera
749 741 778 759 ‚,.

74 807 78 811 ,
198 772 213 788 “
227 771 387 811 Quatuor
407 772 464 804 uel
488 782 549 804 sex
573 770 703 804 debent
724 781 799 803 esse
831 771 950 803 statuti

56 815 75 859 f
108 825 124 844 ‘¹
137 826 174 859 in
196 825 341 870 singulis
362 825 460 863 locis,
477 825 537 868 qui
553 825 668 857 iurent
683 824 778 868 quod
801 823 948 868 diligen·
1016 819 1055 851 10

57 894 83 923 j,
110 880 192 912 ‘ter
213 879 390 921 inquirent
411 883 446 911 et
469 887 722 921 quemcumque
751 876 951 909 inuenerint

69 959 75 971 .,,
111 933 263 966 ‘contra
285 932 432 964 formam
457 930 660 973 capitularis
691 936 726 962 et
747 929 866 963 statuti
889 940 950 962 ne-

55 983 71 1022 ζ
111 986 254 1030 ‘quiter
275 989 542 1028 presumentem,
566 994 690 1026 penam
707 983 751 1015 ab
765 982 840 1025 ipso
857 982 949 1015 acci-

71 1069 74 1072 ,
111 1040 127 1056 ⁸
141 1039 240 1082 pient
262 1038 444 1082 integram,
467 1043 502 1070 et
518 1037 614 1080 quod
629 1037 676 1070 ad
699 1047 788 1080 opus
818 1036 950 1069 domini

49 1085 74 1121 *s
110 1092 356 1135 “Imperatoria
379 1091 656 1125 conseruandum
675 1091 783 1123 fuerit
798 1090 951 1123 fideliter
1017 1087 1054 1119 15

56 1148 69 1186 ss
110 1146 126 1164 ⁸
138 1144 403 1179 conseruabunt.

199 1200 214 1216 ‘⁴
227 1197 265 1231 Si
299 1198 377 1242 quis
410 1203 490 1242 post
524 1196 797 1241 publicationem
832 1198 950 1230 statuti

63 1270 66 1272 ·
111 1254 254 1286 “emere
287 1253 346 1285 uel
378 1253 533 1285 uendere
567 1251 818 1295 presumpserit
851 1251 952 1284 aliter

47 1306 50 1308 ’
111 1307 244 1351 “quam
266 1311 430 1339 statutum
452 1305 571 1345 fuerit,
593 1311 663 1338 tam
688 1310 825 1348 emptor
848 1315 950 1348 quam

62 1383 65 1390 .
110 1359 303 1393 “uenditor
326 1359 370 1392 sit
401 1359 436 1391 in
467 1369 559 1401 pena
585 1358 779 1392 solidorum
811 1363 950 1391 centum
1014 1356 1056 1388 20

51 1439 66 1459 ·„
110 1414 284 1458 ‘quorum
306 1418 378 1446 tres
399 1418 517 1454 partes
539 1412 607 1444 sint
630 1412 900 1444 camerariorum
918 1418 952 1444 et

49 1478 56 1512 J
111 1467 260 1511 “quarta
288 1467 489 1499 iuratorum.
537 1465 580 1498 Et
610 1465 640 1498 si
675 1474 795 1498 eorum
826 1465 951 1508 aliquis

111 1521 209 1552 “non
231 1518 391 1553 habuerit
414 1518 508 1551 unde
532 1517 681 1558 soluere,
703 1518 895 1562 fustigetur
917 1524 952 1551 et

43 1594 61 1600 ν
108 1574 125 1591 “
138 1572 290 1616 accipiat
311 1572 565 1616 quinquaginta
586 1572 687 1605 ictus.

198 1626 214 1643 ‘⁶
227 1625 267 1659 Si
288 1627 365 1670 quis
387 1625 620 1659 ministerialis
643 1625 699 1658 uel
723 1625 873 1658 offitialis
889 1635 951 1658 no·
1015 1624 1057 1656 25

58 1723 62 1727 .
111 1679 244 1714 “luerit
264 1680 322 1713 uel
343 1679 558 1713 recusauerit
572 1679 714 1713 offitium
730 1680 847 1712 tacere
862 1679 952 1712 sicut

52 1750 54 1752 >
111 1735 127 1752 ⁸
139 1733 246 1777 prius,
268 1734 312 1767 sit
334 1735 371 1766 in
387 1744 479 1776 pena
502 1732 670 1766 librarum
686 1742 752 1771 xn,
769 1733 814 1767 de
827 1733 952 1776 quibus

51 1785 60 1819 s
111 1787 211 1821 “tres
232 1793 350 1830 partes
375 1787 444 1819 sint
476 1787 747 1819 camerariorum
771 1792 807 1820 et
829 1793 952 1829 quarta

54 1838 67 1847 “
108 1840 342 1874 “iuratorumz
375 1845 409 1872 et
440 1840 469 1873 si
502 1845 581 1882 post
618 1839 827 1872 solutionem
860 1849 951 1883 pene

111 1893 279 1928 “offitium
303 1894 415 1938 ipsum
437 1903 510 1926 non
533 1893 670 1932 fecerit,
700 1893 769 1925 suis
792 1892 953 1927 omnibus
1014 1892 1058 1924 30

50 1970 59 1988 3,
111 1947 314 1987 ‘inflantia
337 1948 484 1981 eiciatur
507 1958 528 1980 a
551 1953 655 1980 terra.

199 2003 215 2019 ‘¹
226 2000 267 2035 Si
289 2002 368 2046 quis
390 2002 434 2034 de
457 2001 578 2034 iuratis
594 2001 630 2034 in
645 2001 772 2034 fraude
789 2001 953 2034 inuentus

111 2055 126 2072 ⁸
140 2055 258 2096 fuerit,
281 2055 325 2088 sit
347 2055 385 2088 in
407 2065 499 2098 pena
529 2060 730 2088 tarenorum
757 2053 864 2092 mille,
894 2054 954 2097 qui

110 2106 126 2126 ‘³
141 2109 188 2142 ad
209 2119 296 2152 opus
319 2108 424 2142 Curie
450 2108 644 2151 capiantur.

58 2160 60 2162 ’
202 2163 217 2180 '⁴
230 2161 268 2195 Si
292 2161 368 2206 quis
398 2167 589 2195 mercatum
624 2162 752 2194 fecerit
785 2172 851 2205 pro
886 2161 954 2193 alia
1016 2159 1057 2192 35

48 2230 68 2261 5¹.
113 2216 128 2234 ¹¹
141 2220 281 2248 moneta
296 2226 398 2259 quam
415 2226 479 2258 pro
496 2215 648 2248 denariis
663 2215 774 2254 nouis,
790 2216 955 2248 uenditor

113 2270 128 2288 ⁸
140 2269 318 2302 ammictat
341 2268 571 2302 mercimonia
586 2275 621 2302 et
637 2275 773 2312 emptor
787 2268 953 2311 pretium:

61 2337 69 2370 j.
113 2322 286 2366 “quorum
308 2328 380 2355 tres
401 2328 520 2365 partes
542 2322 612 2355 sint
634 2323 903 2355 camerariorum
920 2328 955 2355 et

109 2372 126 2392 ‘⁶
140 2380 262 2419 quarta
284 2375 485 2414 iuratorum,
508 2381 544 2409 et
558 2381 705 2419 uterque
722 2376 790 2410 sint
812 2377 848 2408 in
863 2386 955 2419 pena

113 2427 228 2462 ‘libre
259 2428 346 2467 auri,
377 2438 444 2472 que
467 2429 512 2461 ad
544 2438 630 2471 opus
654 2428 760 2461 Curie
785 2429 954 2472 capiatur.
1018 2429 1060 2460 40

58 2476 78 2526 J]
113 2481 180 2516 “Si
202 2481 375 2516 cambitor
397 2488 458 2515 aut
480 2489 653 2516 mercator
677 2483 814 2516 dederit
829 2489 954 2515 autre-

60 2557 77 2575 ;
113 2535 289 2579 “ceperit‚
320 2542 468 2579 uterque
499 2535 544 2569 sit
573 2536 610 2568 in
632 2545 724 2578 pena
754 2541 954 2568 tarenorum

56 2589 74 2626 ζξ
113 2589 244 2629 “mille,
268 2589 328 2633 qui
352 2589 398 2622 ad
430 2599 518 2632 opus
541 2589 646 2622 Curie
677 2589 911 2622 conseruandi
935 2600 956 2622 a

69 2660 71 2662 -
114 2644 130 2661 ⁸
142 2642 339 2676 Iustitiariis
354 2641 547 2685 capiantur.
593 2642 640 2676 Et
654 2641 685 2674 si
700 2652 818 2675 eorum
831 2642 956 2686 aliquis

61 2718 71 2741 3
114 2697 214 2728 “non
243 2695 403 2729 habuerit
437 2695 531 2728 unde
566 2705 692 2738 penam
727 2694 850 2734 soluat,
885 2695 956 2729 suis
1019 2695 1060 2728 45

12 2750 15 2754 ’
75 2749 76 2752 ’
115 2748 303 2783 ‘omnibus
325 2748 501 2787 infiscatis,
526 2748 732 2782 Iustitiarius
748 2748 792 2781 de
809 2758 956 2791 persona

113 2801 130 2820 ⁸
142 2811 268 2844 penam
291 2802 455 2846 accipiat.

198 2943 224 2968 4.
237 2937 261 2962 ⁸1
272 2940 380 2968 “punto
390 2937 486 2963 GAun.
498 2950 531 2954 -
543 2942 585 2961 πο.
595 2937 662 2967 dopo
676 2935 836 2961 solidorum
849 2939 957 2967 esp-anto

76 2983 94 3009 χ
113 2986 146 3005 ιο
166 2981 232 3007 Cod.
