<?xml version="1.0" encoding="UTF-8"?>
<!DOCTYPE html PUBLIC "-//W3C//DTD XHTML 1.0 Transitional//EN"
    "http://www.w3.org/TR/xhtml1/DTD/xhtml1-transitional.dtd">
<html xmlns="http://www.w3.org/1999/xhtml" xml:lang="en" lang="en">
 <head>
  <title>
</title>
<meta http-equiv="Content-Type" content="text/html;charset=utf-8" />
  <meta name='ocr-system' content='tesseract 3.04.00' />
  <meta name='ocr-capabilities' content='ocr_page ocr_carea ocr_par ocr_line ocrx_word'/>
</head>
<body>
  <div class='ocr_page' id='page_1' title='image "./rerumitalicarums72murauoft_0060.png"; bbox 0 0 2320 3444; ppageno 0'>
   <div class='ocr_carea' id='block_1_1' title="bbox 407 199 1499 243">
    <p class='ocr_par' dir='ltr' id='par_1_1' title="bbox 407 199 1499 243">
     <span class='ocr_line' id='line_1_1' title="bbox 407 199 1499 243; baseline -0.001 -5"><span class='ocrx_word' id='word_1_1' title='bbox 407 200 578 238; x_wconf 91' lang='lat' dir='ltr'>XLVIII</span> <span class='ocrx_word' id='word_1_2' title='bbox 1161 199 1462 243; x_wconf 86' lang='lat' dir='ltr'>PREFAZION</span> <span class='ocrx_word' id='word_1_3' title='bbox 1464 199 1499 237; x_wconf 91' lang='lat' dir='ltr'>E</span> 
     </span>
    </p>
   </div>
   <div class='ocr_carea' id='block_1_2' title="bbox 410 277 2245 285">
    <p class='ocr_par' dir='ltr' id='par_1_2' title="bbox 410 277 2245 285">
     <span class='ocr_line' id='line_1_2' title="bbox 410 277 2245 285; baseline -0.001 0"><span class='ocrx_word' id='word_1_4' title='bbox 410 277 2086 285; x_wconf 57' lang='lat' dir='ltr'>mun...-....n-..nu-...u----...........-..--.-.··-·-·---.--—-....n-«n..........-.......-....-.......-.-...-..-..-.....---mnu-mmm·-</span> <span class='ocrx_word' id='word_1_5' title='bbox 2087 278 2209 284; x_wconf 58' lang='lat'><strong>..........</strong></span> <span class='ocrx_word' id='word_1_6' title='bbox 2210 277 2245 284; x_wconf 73' lang='lat'>..-</span> 
     </span>
    </p>
   </div>
   <div class='ocr_carea' id='block_1_3' title="bbox 1294 404 2243 503">
    <p class='ocr_par' dir='ltr' id='par_1_3' title="bbox 1294 404 2243 503">
     <span class='ocr_line' id='line_1_3' title="bbox 1294 404 2243 503; baseline 0.003 -13"><span class='ocrx_word' id='word_1_7' title='bbox 1294 404 1357 439; x_wconf 48' lang='lat' dir='ltr'>IV·</span> <span class='ocrx_word' id='word_1_8' title='bbox 1737 467 1782 499; x_wconf 85' lang='lat'>23</span> <span class='ocrx_word' id='word_1_9' title='bbox 1804 469 1921 493; x_wconf 70' lang='lat' dir='ltr'>marzo</span> <span class='ocrx_word' id='word_1_10' title='bbox 1943 461 2036 503; x_wconf 82' lang='lat'><em>1189,</em></span> <span class='ocrx_word' id='word_1_11' title='bbox 2059 459 2130 492; x_wconf 82' lang='lat' dir='ltr'>ind.</span> <span class='ocrx_word' id='word_1_12' title='bbox 2161 458 2243 493; x_wconf 86' lang='lat' dir='ltr'>VII.</span> 
     </span>
    </p>
   </div>
   <div class='ocr_carea' id='block_1_4' title="bbox 405 529 2287 681">
    <p class='ocr_par' dir='ltr' id='par_1_4' title="bbox 405 529 2291 681">
     <span class='ocr_line' id='line_1_4' title="bbox 493 529 2287 574; baseline 0.001 -11"><span class='ocrx_word' id='word_1_13' title='bbox 493 529 574 563; x_wconf 83' lang='lat' dir='ltr'>Alla</span> <span class='ocrx_word' id='word_1_14' title='bbox 596 534 761 574; x_wconf 77' lang='lat' dir='ltr'>presensa</span> <span class='ocrx_word' id='word_1_15' title='bbox 776 529 966 569; x_wconf 87' lang='lat' dir='ltr'>dell&#39;abate,</span> <span class='ocrx_word' id='word_1_16' title='bbox 989 530 1201 563; x_wconf 82' lang='lat' dir='ltr'>Bartolomeo</span> <span class='ocrx_word' id='word_1_17' title='bbox 1220 530 1361 574; x_wconf 78' lang='lat' dir='ltr'><em>giudice</em></span> <span class='ocrx_word' id='word_1_18' title='bbox 1383 531 1427 563; x_wconf 86' lang='lat' dir='ltr'>ed</span> <span class='ocrx_word' id='word_1_19' title='bbox 1446 534 1606 563; x_wconf 81' lang='lat' dir='ltr'>avvocato</span> <span class='ocrx_word' id='word_1_20' title='bbox 1630 530 1686 563; x_wconf 88' lang='lat' dir='ltr'>del</span> <span class='ocrx_word' id='word_1_21' title='bbox 1706 534 1894 563; x_wconf 81' lang='lat' dir='ltr'><em>monastero</em></span> <span class='ocrx_word' id='word_1_22' title='bbox 1925 530 1966 563; x_wconf 75' lang='lat' dir='ltr'>di</span> <span class='ocrx_word' id='word_1_23' title='bbox 1984 530 2246 574; x_wconf 75' lang='lat' dir='ltr'>Montecasss‘no,</span> <span class='ocrx_word' id='word_1_24' title='bbox 2286 535 2287 538; x_wconf 79' lang='grc'>’</span> 
     </span>
     <span class='ocr_line' id='line_1_5' title="bbox 405 582 2286 628; baseline 0.002 -12"><span class='ocrx_word' id='word_1_25' title='bbox 405 584 498 617; x_wconf 75' lang='lat' dir='ltr'>aditi</span> <span class='ocrx_word' id='word_1_26' title='bbox 516 585 533 617; x_wconf 80' lang='lat' dir='ltr'>i</span> <span class='ocrx_word' id='word_1_27' title='bbox 552 584 728 626; x_wconf 79' lang='lat' dir='ltr'>testimoni,</span> <span class='ocrx_word' id='word_1_28' title='bbox 751 584 875 617; x_wconf 75' lang='lat' dir='ltr'>ordina</span> <span class='ocrx_word' id='word_1_29' title='bbox 889 583 948 616; x_wconf 80' lang='lat' dir='ltr'>che</span> <span class='ocrx_word' id='word_1_30' title='bbox 963 583 1136 616; x_wconf 74' lang='lat' dir='ltr'>Rainaldo</span> <span class='ocrx_word' id='word_1_31' title='bbox 1158 583 1358 617; x_wconf 81' lang='lat' dir='ltr'>Buecadelli</span> <span class='ocrx_word' id='word_1_32' title='bbox 1367 584 1520 617; x_wconf 79' lang='lat' dir='ltr'><em>continui</em></span> <span class='ocrx_word' id='word_1_33' title='bbox 1538 594 1560 616; x_wconf 86' lang='lat' dir='ltr'>a</span> <span class='ocrx_word' id='word_1_34' title='bbox 1575 584 1754 628; x_wconf 79' lang='lat' dir='ltr'><em>possedere</em></span> <span class='ocrx_word' id='word_1_35' title='bbox 1769 594 1837 616; x_wconf 86' lang='lat' dir='ltr'>una</span> <span class='ocrx_word' id='word_1_36' title='bbox 1852 594 1931 616; x_wconf 87' lang='lat' dir='ltr'>casa</span> <span class='ocrx_word' id='word_1_37' title='bbox 1945 594 2007 617; x_wconf 86' lang='lat' dir='ltr'>con</span> <span class='ocrx_word' id='word_1_38' title='bbox 2024 583 2039 600; x_wconf 76' lang='lat'>‘⁶</span> <span class='ocrx_word' id='word_1_39' title='bbox 2052 582 2211 618; x_wconf 78' lang='lat' dir='ltr'>clausura</span> <span class='ocrx_word' id='word_1_40' title='bbox 2222 608 2238 626; x_wconf 83' lang='grc'>,,</span> <span class='ocrx_word' id='word_1_41' title='bbox 2278 587 2286 611; x_wconf 74' lang='grc' dir='ltr'>ῐ·</span> 
     </span>
     <span class='ocr_line' id='line_1_6' title="bbox 409 636 2285 681; baseline -0.001 -11"><span class='ocrx_word' id='word_1_42' title='bbox 409 637 596 681; x_wconf 78' lang='lat' dir='ltr'>donatagli</span> <span class='ocrx_word' id='word_1_43' title='bbox 615 637 660 670; x_wconf 86' lang='lat' dir='ltr'>da</span> <span class='ocrx_word' id='word_1_44' title='bbox 681 637 898 670; x_wconf 86' lang='lat' dir='ltr'>Bartolomeo</span> <span class='ocrx_word' id='word_1_45' title='bbox 920 637 1139 670; x_wconf 74' lang='lat' dir='ltr'>Presenzano</span> <span class='ocrx_word' id='word_1_46' title='bbox 1161 648 1180 670; x_wconf 88' lang='lat' dir='ltr'>e</span> <span class='ocrx_word' id='word_1_47' title='bbox 1203 637 1296 670; x_wconf 86' lang='lat' dir='ltr'>dalla</span> <span class='ocrx_word' id='word_1_48' title='bbox 1318 637 1358 670; x_wconf 77' lang='lat' dir='ltr'>di</span> <span class='ocrx_word' id='word_1_49' title='bbox 1377 637 1429 670; x_wconf 75' lang='lat' dir='ltr'>lui</span> <span class='ocrx_word' id='word_1_50' title='bbox 1449 636 1574 671; x_wconf 86' lang='lat' dir='ltr'>sorella</span> <span class='ocrx_word' id='word_1_51' title='bbox 1599 637 1729 670; x_wconf 78' lang='lat' dir='ltr'>Maria.</span> <span class='ocrx_word' id='word_1_52' title='bbox 2280 644 2285 651; x_wconf 30' lang='grc' dir='ltr'><em>Α</em></span> 
     </span>
    </p>
   </div>
   <div class='ocr_carea' id='block_1_5' title="bbox 492 716 2008 760">
    <p class='ocr_par' dir='ltr' id='par_1_5' title="bbox 492 716 2008 760">
     <span class='ocr_line' id='line_1_7' title="bbox 492 716 2008 760; baseline -0.001 -10"><span class='ocrx_word' id='word_1_53' title='bbox 492 717 659 751; x_wconf 55' lang='lat' dir='ltr'>Archabio</span> <span class='ocrx_word' id='word_1_54' title='bbox 681 717 722 750; x_wconf 73' lang='lat' dir='ltr'>da·</span> <span class='ocrx_word' id='word_1_55' title='bbox 741 717 1002 758; x_wconf 78' lang='lat' dir='ltr'>Montecassino,</span> <span class='ocrx_word' id='word_1_56' title='bbox 1025 717 1126 751; x_wconf 82' lang='lat' dir='ltr'>Fasc.</span> <span class='ocrx_word' id='word_1_57' title='bbox 1149 727 1172 760; x_wconf 79' lang='lat'><em>4</em></span> <span class='ocrx_word' id='word_1_58' title='bbox 1192 728 1225 750; x_wconf 83' lang='lat' dir='ltr'>n.</span> <span class='ocrx_word' id='word_1_59' title='bbox 1247 726 1303 759; x_wconf 81' lang='grc'>52.</span> <span class='ocrx_word' id='word_1_60' title='bbox 1326 728 1368 751; x_wconf 82' lang='lat' dir='ltr'>ex</span> <span class='ocrx_word' id='word_1_61' title='bbox 1389 718 1497 751; x_wconf 76' lang='lat' dir='ltr'>cartis</span> <span class='ocrx_word' id='word_1_62' title='bbox 1525 717 1642 750; x_wconf 75' lang='lat' dir='ltr'>Gaiete</span> <span class='ocrx_word' id='word_1_63' title='bbox 1664 728 1686 750; x_wconf 92' lang='lat' dir='ltr'>a</span> <span class='ocrx_word' id='word_1_64' title='bbox 1710 717 1852 750; x_wconf 82' lang='lat' dir='ltr'>G-attula</span> <span class='ocrx_word' id='word_1_65' title='bbox 1874 716 2008 760; x_wconf 74' lang='lat' dir='ltr'>emptis.</span> 
     </span>
    </p>
   </div>
   <div class='ocr_carea' id='block_1_6' title="bbox 399 814 2297 2361">
    <p class='ocr_par' dir='ltr' id='par_1_6' title="bbox 399 810 2297 2202">
     <span class='ocr_line' id='line_1_8' title="bbox 493 814 2287 859; baseline -0.001 -10"><span class='ocrx_word' id='word_1_66' title='bbox 493 815 534 859; x_wconf 52' lang='grc' dir='ltr'>ᾖ</span> <span class='ocrx_word' id='word_1_67' title='bbox 549 816 591 849; x_wconf 91' lang='lat' dir='ltr'>In</span> <span class='ocrx_word' id='word_1_68' title='bbox 613 815 756 850; x_wconf 89' lang='lat' dir='ltr'>nomine</span> <span class='ocrx_word' id='word_1_69' title='bbox 779 815 912 850; x_wconf 89' lang='lat' dir='ltr'>domini</span> <span class='ocrx_word' id='word_1_70' title='bbox 935 816 1042 850; x_wconf 86' lang='lat' dir='ltr'>nostri</span> <span class='ocrx_word' id='word_1_71' title='bbox 1064 816 1143 850; x_wconf 90' lang='lat' dir='ltr'>Iesu</span> <span class='ocrx_word' id='word_1_72' title='bbox 1165 816 1307 851; x_wconf 80' lang='lat' dir='ltr'><strong>Christi.</strong></span> <span class='ocrx_word' id='word_1_73' title='bbox 1351 815 1457 850; x_wconf 89' lang='lat' dir='ltr'>Anno</span> <span class='ocrx_word' id='word_1_74' title='bbox 1479 816 1729 849; x_wconf 87' lang='lat' dir='ltr'>incarnationis</span> <span class='ocrx_word' id='word_1_75' title='bbox 1751 815 1827 849; x_wconf 89' lang='lat' dir='ltr'>eius</span> <span class='ocrx_word' id='word_1_76' title='bbox 1848 815 2031 848; x_wconf 86' lang='lat' dir='ltr'>millesimo</span> <span class='ocrx_word' id='word_1_77' title='bbox 2054 814 2246 849; x_wconf 89' lang='lat' dir='ltr'>centesimo</span> <span class='ocrx_word' id='word_1_78' title='bbox 2279 827 2287 857; x_wconf 68' lang='lat' dir='ltr'>j</span> 
     </span>
     <span class='ocr_line' id='line_1_9' title="bbox 405 868 2293 915; baseline 0 -12"><span class='ocrx_word' id='word_1_79' title='bbox 405 870 620 914; x_wconf 88' lang='lat' dir='ltr'>octogesimo</span> <span class='ocrx_word' id='word_1_80' title='bbox 643 880 747 910; x_wconf 90' lang='lat' dir='ltr'>nono,</span> <span class='ocrx_word' id='word_1_81' title='bbox 778 880 869 903; x_wconf 89' lang='lat' dir='ltr'>anno</span> <span class='ocrx_word' id='word_1_82' title='bbox 891 870 1058 904; x_wconf 89' lang='lat' dir='ltr'>uicesimo</span> <span class='ocrx_word' id='word_1_83' title='bbox 1080 871 1186 904; x_wconf 89' lang='lat' dir='ltr'>tertio</span> <span class='ocrx_word' id='word_1_84' title='bbox 1207 869 1306 915; x_wconf 90' lang='lat' dir='ltr'>regni</span> <span class='ocrx_word' id='word_1_85' title='bbox 1337 869 1476 903; x_wconf 83' lang='lat' dir='ltr'>Domini</span> <span class='ocrx_word' id='word_1_86' title='bbox 1498 870 1608 903; x_wconf 83' lang='lat' dir='ltr'>nostri</span> <span class='ocrx_word' id='word_1_87' title='bbox 1635 869 1800 903; x_wconf 89' lang='lat' dir='ltr'>Willelmi</span> <span class='ocrx_word' id='word_1_88' title='bbox 1830 869 1978 903; x_wconf 89' lang='lat' dir='ltr'>secundi</span> <span class='ocrx_word' id='word_1_89' title='bbox 2006 868 2247 914; x_wconf 74' lang='lat' dir='ltr'>gloriosissimi</span> <span class='ocrx_word' id='word_1_90' title='bbox 2290 885 2293 898; x_wconf 71' lang='grc' dir='ltr'>ε</span> 
     </span>
     <span class='ocr_line' id='line_1_10' title="bbox 403 921 2244 967; baseline 0 -11"><span class='ocrx_word' id='word_1_91' title='bbox 403 923 514 967; x_wconf 88' lang='lat' dir='ltr'>Regis</span> <span class='ocrx_word' id='word_1_92' title='bbox 536 934 656 957; x_wconf 90' lang='lat' dir='ltr'>mense</span> <span class='ocrx_word' id='word_1_93' title='bbox 678 923 813 963; x_wconf 90' lang='lat' dir='ltr'>martio,</span> <span class='ocrx_word' id='word_1_94' title='bbox 836 923 1002 957; x_wconf 89' lang='lat' dir='ltr'>uicesimo</span> <span class='ocrx_word' id='word_1_95' title='bbox 1032 923 1153 967; x_wconf 90' lang='lat' dir='ltr'>quinto</span> <span class='ocrx_word' id='word_1_96' title='bbox 1176 923 1232 956; x_wconf 85' lang='lat' dir='ltr'>die</span> <span class='ocrx_word' id='word_1_97' title='bbox 1262 924 1416 957; x_wconf 88' lang='lat' dir='ltr'>eiusdem</span> <span class='ocrx_word' id='word_1_98' title='bbox 1447 924 1576 957; x_wconf 87' lang='lat' dir='ltr'>mensis</span> <span class='ocrx_word' id='word_1_99' title='bbox 1604 922 1798 957; x_wconf 86' lang='lat' dir='ltr'>indictione</span> <span class='ocrx_word' id='word_1_100' title='bbox 1830 924 1991 967; x_wconf 87' lang='lat' dir='ltr'>septima.</span> <span class='ocrx_word' id='word_1_101' title='bbox 2035 921 2244 956; x_wconf 88' lang='lat' dir='ltr'>Profitemur</span> 
     </span>
     <span class='ocr_line' id='line_1_11' title="bbox 403 970 2286 1021; baseline 0.001 -12"><span class='ocrx_word' id='word_1_102' title='bbox 403 987 467 1010; x_wconf 91' lang='lat' dir='ltr'>nos</span> <span class='ocrx_word' id='word_1_103' title='bbox 497 977 662 1021; x_wconf 86' lang='lat' dir='ltr'>magister</span> <span class='ocrx_word' id='word_1_104' title='bbox 690 976 955 1011; x_wconf 85' lang='lat' dir='ltr'>Bartholomeus</span> <span class='ocrx_word' id='word_1_105' title='bbox 982 977 1089 1010; x_wconf 85' lang='lat' dir='ltr'>iudex</span> <span class='ocrx_word' id='word_1_106' title='bbox 1122 982 1158 1010; x_wconf 87' lang='lat' dir='ltr'>et</span> <span class='ocrx_word' id='word_1_107' title='bbox 1186 977 1377 1011; x_wconf 90' lang='lat' dir='ltr'>aduocatus</span> <span class='ocrx_word' id='word_1_108' title='bbox 1406 977 1606 1011; x_wconf 85' lang='lat' dir='ltr'>Casinensis</span> <span class='ocrx_word' id='word_1_109' title='bbox 1636 977 1743 1020; x_wconf 88' lang='lat' dir='ltr'>quod,</span> <span class='ocrx_word' id='word_1_110' title='bbox 1775 977 1944 1010; x_wconf 78' lang='lat' dir='ltr'>defuncta</span> <span class='ocrx_word' id='word_1_111' title='bbox 1974 975 2089 1009; x_wconf 84' lang='lat' dir='ltr'>Maria</span> <span class='ocrx_word' id='word_1_112' title='bbox 2121 985 2241 1010; x_wconf 86' lang='lat' dir='ltr'>sorore</span> <span class='ocrx_word' id='word_1_113' title='bbox 2267 970 2286 1011; x_wconf 55' lang='lat' dir='ltr'>&#39;l‘</span> 
     </span>
     <span class='ocr_line' id='line_1_12' title="bbox 404 1028 2293 1074; baseline 0.001 -12"><span class='ocrx_word' id='word_1_114' title='bbox 404 1030 581 1073; x_wconf 91' lang='lat' dir='ltr'>quondam</span> <span class='ocrx_word' id='word_1_115' title='bbox 602 1031 839 1064; x_wconf 89' lang='lat' dir='ltr'>Bartholomei</span> <span class='ocrx_word' id='word_1_116' title='bbox 862 1032 907 1064; x_wconf 89' lang='lat' dir='ltr'>de</span> <span class='ocrx_word' id='word_1_117' title='bbox 928 1030 1157 1070; x_wconf 86' lang='lat' dir='ltr'>Presenzano,</span> <span class='ocrx_word' id='word_1_118' title='bbox 1180 1041 1259 1064; x_wconf 90' lang='lat' dir='ltr'>cum</span> <span class='ocrx_word' id='word_1_119' title='bbox 1275 1031 1423 1064; x_wconf 89' lang='lat' dir='ltr'>domnus</span> <span class='ocrx_word' id='word_1_120' title='bbox 1439 1030 1622 1064; x_wconf 78' lang='lat' dir='ltr'>Roffridus</span> <span class='ocrx_word' id='word_1_121' title='bbox 1644 1031 1711 1064; x_wconf 90' lang='lat' dir='ltr'>Dei</span> <span class='ocrx_word' id='word_1_122' title='bbox 1738 1031 1850 1074; x_wconf 87' lang='lat' dir='ltr'>gratia</span> <span class='ocrx_word' id='word_1_123' title='bbox 1867 1029 2068 1064; x_wconf 82' lang='lat' dir='ltr'>cardinalis</span> <span class='ocrx_word' id='word_1_124' title='bbox 2084 1035 2121 1063; x_wconf 90' lang='lat' dir='ltr'>et</span> <span class='ocrx_word' id='word_1_125' title='bbox 2143 1029 2244 1064; x_wconf 85' lang='lat' dir='ltr'>Casi-</span> <span class='ocrx_word' id='word_1_126' title='bbox 2290 1028 2293 1031; x_wconf 70' lang='grc'>’</span> 
     </span>
     <span class='ocr_line' id='line_1_13' title="bbox 402 1082 2288 1129; baseline 0 -13"><span class='ocrx_word' id='word_1_127' title='bbox 402 1084 519 1117; x_wconf 82' lang='lat' dir='ltr'>nensis</span> <span class='ocrx_word' id='word_1_128' title='bbox 541 1084 649 1117; x_wconf 85' lang='lat' dir='ltr'>abbas</span> <span class='ocrx_word' id='word_1_129' title='bbox 671 1095 793 1118; x_wconf 90' lang='lat' dir='ltr'>manus</span> <span class='ocrx_word' id='word_1_130' title='bbox 815 1085 959 1118; x_wconf 87' lang='lat' dir='ltr'>iniicere</span> <span class='ocrx_word' id='word_1_131' title='bbox 981 1084 1087 1118; x_wconf 90' lang='lat' dir='ltr'>uellet</span> <span class='ocrx_word' id='word_1_132' title='bbox 1108 1085 1155 1117; x_wconf 88' lang='lat' dir='ltr'>ad</span> <span class='ocrx_word' id='word_1_133' title='bbox 1178 1085 1367 1128; x_wconf 88' lang='lat' dir='ltr'>capiendas</span> <span class='ocrx_word' id='word_1_134' title='bbox 1390 1095 1445 1117; x_wconf 92' lang='lat' dir='ltr'>res</span> <span class='ocrx_word' id='word_1_135' title='bbox 1467 1084 1585 1128; x_wconf 89' lang='lat' dir='ltr'>ipsius,</span> <span class='ocrx_word' id='word_1_136' title='bbox 1608 1095 1694 1129; x_wconf 89' lang='lat' dir='ltr'>quas</span> <span class='ocrx_word' id='word_1_137' title='bbox 1716 1084 1810 1127; x_wconf 89' lang='lat' dir='ltr'>apud</span> <span class='ocrx_word' id='word_1_138' title='bbox 1840 1083 2008 1117; x_wconf 86' lang='lat' dir='ltr'>Sanctum</span> <span class='ocrx_word' id='word_1_139' title='bbox 2031 1082 2243 1117; x_wconf 82' lang='lat' dir='ltr'>Germanum</span> <span class='ocrx_word' id='word_1_140' title='bbox 2282 1084 2288 1122; x_wconf 65' lang='grc' dir='ltr'>ς’</span> 
     </span>
     <span class='ocr_line' id='line_1_14' title="bbox 402 1136 2292 1181; baseline 0 -12"><span class='ocrx_word' id='word_1_141' title='bbox 402 1136 497 1171; x_wconf 91' lang='lat' dir='ltr'>idem</span> <span class='ocrx_word' id='word_1_142' title='bbox 519 1137 785 1171; x_wconf 72' lang='lat' dir='ltr'>Bai-tholomeus</span> <span class='ocrx_word' id='word_1_143' title='bbox 809 1143 845 1172; x_wconf 91' lang='lat' dir='ltr'>et</span> <span class='ocrx_word' id='word_1_144' title='bbox 867 1148 965 1171; x_wconf 87' lang='lat' dir='ltr'>soror</span> <span class='ocrx_word' id='word_1_145' title='bbox 988 1138 1063 1171; x_wconf 88' lang='lat' dir='ltr'>eius</span> <span class='ocrx_word' id='word_1_146' title='bbox 1092 1138 1296 1177; x_wconf 85' lang='lat' dir='ltr'><strong>habuerant,</strong></span> <span class='ocrx_word' id='word_1_147' title='bbox 1320 1149 1360 1172; x_wconf 92' lang='lat' dir='ltr'>eo</span> <span class='ocrx_word' id='word_1_148' title='bbox 1384 1136 1481 1181; x_wconf 91' lang='lat' dir='ltr'>quod</span> <span class='ocrx_word' id='word_1_149' title='bbox 1503 1137 1579 1180; x_wconf 86' lang='lat' dir='ltr'>ipsa</span> <span class='ocrx_word' id='word_1_150' title='bbox 1601 1137 1716 1170; x_wconf 87' lang='lat' dir='ltr'>Maria</span> <span class='ocrx_word' id='word_1_151' title='bbox 1738 1143 1816 1180; x_wconf 87' lang='lat' dir='ltr'>post</span> <span class='ocrx_word' id='word_1_152' title='bbox 1838 1137 1953 1180; x_wconf 86' lang='lat' dir='ltr'>ipsum</span> <span class='ocrx_word' id='word_1_153' title='bbox 1975 1137 2120 1171; x_wconf 81' lang='lat' dir='ltr'>fratrem</span> <span class='ocrx_word' id='word_1_154' title='bbox 2143 1147 2243 1170; x_wconf 87' lang='lat' dir='ltr'>suum</span> <span class='ocrx_word' id='word_1_155' title='bbox 2287 1142 2292 1163; x_wconf 66' lang='grc' dir='ltr'>-ὲ</span> 
     </span>
     <span class='ocr_line' id='line_1_15' title="bbox 402 1190 2290 1235; baseline 0 -12"><span class='ocrx_word' id='word_1_156' title='bbox 402 1190 477 1224; x_wconf 89' lang='lat' dir='ltr'>sine</span> <span class='ocrx_word' id='word_1_157' title='bbox 500 1190 621 1224; x_wconf 88' lang='lat' dir='ltr'>liberis</span> <span class='ocrx_word' id='word_1_158' title='bbox 644 1191 855 1231; x_wconf 85' lang='lat' dir='ltr'>decesserat,</span> <span class='ocrx_word' id='word_1_159' title='bbox 885 1191 1053 1225; x_wconf 90' lang='lat' dir='ltr'>uidelicet</span> <span class='ocrx_word' id='word_1_160' title='bbox 1076 1192 1199 1225; x_wconf 91' lang='lat' dir='ltr'>domus</span> <span class='ocrx_word' id='word_1_161' title='bbox 1228 1192 1264 1224; x_wconf 87' lang='lat' dir='ltr'>in</span> <span class='ocrx_word' id='word_1_162' title='bbox 1287 1191 1399 1235; x_wconf 89' lang='lat' dir='ltr'>burgo</span> <span class='ocrx_word' id='word_1_163' title='bbox 1431 1191 1551 1224; x_wconf 82' lang='lat' dir='ltr'><strong>Sancti</strong></span> <span class='ocrx_word' id='word_1_164' title='bbox 1584 1191 1748 1224; x_wconf 85' lang='lat' dir='ltr'>Germani</span> <span class='ocrx_word' id='word_1_165' title='bbox 1781 1190 1878 1223; x_wconf 87' lang='lat' dir='ltr'>iuxta</span> <span class='ocrx_word' id='word_1_166' title='bbox 1904 1191 2044 1224; x_wconf 89' lang='lat' dir='ltr'>domum</span> <span class='ocrx_word' id='word_1_167' title='bbox 2074 1190 2240 1224; x_wconf 74' lang='lat' dir='ltr'>Iohannis</span> <span class='ocrx_word' id='word_1_168' title='bbox 2287 1192 2290 1198; x_wconf 82' lang='grc'>’</span> 
     </span>
     <span class='ocr_line' id='line_1_16' title="bbox 404 1244 2292 1289; baseline -0.001 -11"><span class='ocrx_word' id='word_1_169' title='bbox 404 1244 568 1284; x_wconf 88' lang='lat' dir='ltr'>Romani,</span> <span class='ocrx_word' id='word_1_170' title='bbox 599 1250 634 1278; x_wconf 90' lang='lat' dir='ltr'>et</span> <span class='ocrx_word' id='word_1_171' title='bbox 663 1244 879 1278; x_wconf 81' lang='lat' dir='ltr'><strong>clausuram.</strong></span> <span class='ocrx_word' id='word_1_172' title='bbox 893 1268 923 1278; x_wconf 91' lang='lat'>..</span> <span class='ocrx_word' id='word_1_173' title='bbox 937 1268 946 1277; x_wconf 90' lang='lat'>.</span> <span class='ocrx_word' id='word_1_174' title='bbox 977 1245 1137 1279; x_wconf 89' lang='lat' dir='ltr'>dominus</span> <span class='ocrx_word' id='word_1_175' title='bbox 1165 1245 1371 1289; x_wconf 90' lang='lat' dir='ltr'>Raynaldus</span> <span class='ocrx_word' id='word_1_176' title='bbox 1401 1244 1631 1278; x_wconf 87' lang='lat' dir='ltr'>Buccavitelli</span> <span class='ocrx_word' id='word_1_177' title='bbox 1661 1245 1698 1277; x_wconf 89' lang='lat' dir='ltr'>in</span> <span class='ocrx_word' id='word_1_178' title='bbox 1727 1244 1948 1288; x_wconf 79' lang='lat' dir='ltr'>possessione</span> <span class='ocrx_word' id='word_1_179' title='bbox 1981 1245 2094 1287; x_wconf 84' lang='lat' dir='ltr'>ipsam</span> <span class='ocrx_word' id='word_1_180' title='bbox 2128 1253 2243 1276; x_wconf 87' lang='lat' dir='ltr'>rerum</span> <span class='ocrx_word' id='word_1_181' title='bbox 2287 1259 2292 1264; x_wconf 55' lang='grc'><strong>»</strong></span> 
     </span>
     <span class='ocr_line' id='line_1_17' title="bbox 403 1297 2290 1342; baseline -0.001 -11"><span class='ocrx_word' id='word_1_182' title='bbox 403 1299 625 1332; x_wconf 81' lang='lat' dir='ltr'>constituitur</span> <span class='ocrx_word' id='word_1_183' title='bbox 647 1300 888 1333; x_wconf 88' lang='lat' dir='ltr'>concedere..</span> <span class='ocrx_word' id='word_1_184' title='bbox 901 1322 910 1332; x_wconf 89' lang='lat'>.</span> <span class='ocrx_word' id='word_1_185' title='bbox 923 1323 932 1333; x_wconf 89' lang='lat'>.</span> <span class='ocrx_word' id='word_1_186' title='bbox 948 1299 1042 1342; x_wconf 87' lang='lat' dir='ltr'>ipsas</span> <span class='ocrx_word' id='word_1_187' title='bbox 1072 1309 1128 1332; x_wconf 90' lang='lat' dir='ltr'>res</span> <span class='ocrx_word' id='word_1_188' title='bbox 1157 1298 1223 1332; x_wconf 90' lang='lat' dir='ltr'>sibi</span> <span class='ocrx_word' id='word_1_189' title='bbox 1245 1299 1421 1342; x_wconf 87' lang='lat' dir='ltr'>pertinere</span> <span class='ocrx_word' id='word_1_190' title='bbox 1452 1310 1497 1331; x_wconf 86' lang='lat' dir='ltr'>ex</span> <span class='ocrx_word' id='word_1_191' title='bbox 1519 1298 1612 1332; x_wconf 93' lang='lat' dir='ltr'>dono</span> <span class='ocrx_word' id='word_1_192' title='bbox 1635 1299 1915 1341; x_wconf 87' lang='lat' dir='ltr'>supradictorum</span> <span class='ocrx_word' id='word_1_193' title='bbox 1942 1297 2182 1331; x_wconf 88' lang='lat' dir='ltr'>Bartholomei</span> <span class='ocrx_word' id='word_1_194' title='bbox 2204 1302 2241 1331; x_wconf 88' lang='lat' dir='ltr'>et</span> <span class='ocrx_word' id='word_1_195' title='bbox 2288 1330 2290 1334; x_wconf 75' lang='grc'>,</span> 
     </span>
     <span class='ocr_line' id='line_1_18' title="bbox 400 1350 2286 1397; baseline 0.001 -13"><span class='ocrx_word' id='word_1_196' title='bbox 400 1351 526 1386; x_wconf 90' lang='lat' dir='ltr'>Marie.</span> <span class='ocrx_word' id='word_1_197' title='bbox 571 1352 742 1386; x_wconf 88' lang='lat' dir='ltr'>Ordinato</span> <span class='ocrx_word' id='word_1_198' title='bbox 765 1353 882 1397; x_wconf 82' lang='lat' dir='ltr'>itaque</span> <span class='ocrx_word' id='word_1_199' title='bbox 904 1362 1010 1396; x_wconf 88' lang='lat' dir='ltr'>super</span> <span class='ocrx_word' id='word_1_200' title='bbox 1031 1353 1100 1386; x_wconf 92' lang='lat' dir='ltr'>hoc</span> <span class='ocrx_word' id='word_1_201' title='bbox 1123 1352 1229 1395; x_wconf 83' lang='lat' dir='ltr'>[apud</span> <span class='ocrx_word' id='word_1_202' title='bbox 1258 1351 1428 1395; x_wconf 83' lang='lat' dir='ltr'>Mothem</span> <span class='ocrx_word' id='word_1_203' title='bbox 1451 1352 1616 1386; x_wconf 90' lang='lat' dir='ltr'>Casinum</span> <span class='ocrx_word' id='word_1_204' title='bbox 1638 1352 1770 1385; x_wconf 90' lang='lat' dir='ltr'>iudicio</span> <span class='ocrx_word' id='word_1_205' title='bbox 1792 1353 1829 1385; x_wconf 91' lang='lat' dir='ltr'>in</span> <span class='ocrx_word' id='word_1_206' title='bbox 1851 1352 2028 1395; x_wconf 87' lang='lat' dir='ltr'>presentia</span> <span class='ocrx_word' id='word_1_207' title='bbox 2049 1350 2242 1395; x_wconf 79' lang='lat' dir='ltr'>supradicti</span> <span class='ocrx_word' id='word_1_208' title='bbox 2282 1383 2286 1386; x_wconf 87' lang='lat'>.</span> 
     </span>
     <span class='ocr_line' id='line_1_19' title="bbox 401 1405 2240 1451; baseline 0 -12"><span class='ocrx_word' id='word_1_209' title='bbox 401 1405 530 1439; x_wconf 88' lang='lat' dir='ltr'>domini</span> <span class='ocrx_word' id='word_1_210' title='bbox 553 1405 698 1445; x_wconf 88' lang='lat' dir='ltr'>abbatis,</span> <span class='ocrx_word' id='word_1_211' title='bbox 720 1406 813 1440; x_wconf 90' lang='lat' dir='ltr'>idem</span> <span class='ocrx_word' id='word_1_212' title='bbox 843 1406 1006 1440; x_wconf 90' lang='lat' dir='ltr'>dominus</span> <span class='ocrx_word' id='word_1_213' title='bbox 1028 1406 1234 1451; x_wconf 84' lang='lat' dir='ltr'>Raynaldus</span> <span class='ocrx_word' id='word_1_214' title='bbox 1256 1416 1455 1449; x_wconf 86' lang='lat' dir='ltr'>proponere</span> <span class='ocrx_word' id='word_1_215' title='bbox 1481 1405 1704 1439; x_wconf 84' lang='lat' dir='ltr'>donationem</span> <span class='ocrx_word' id='word_1_216' title='bbox 1728 1406 1794 1439; x_wconf 88' lang='lat' dir='ltr'>sibi</span> <span class='ocrx_word' id='word_1_217' title='bbox 1824 1406 1957 1440; x_wconf 79' lang='lat' dir='ltr'>factam</span> <span class='ocrx_word' id='word_1_218' title='bbox 1988 1417 2008 1439; x_wconf 91' lang='lat' dir='ltr'>a</span> <span class='ocrx_word' id='word_1_219' title='bbox 2030 1405 2240 1449; x_wconf 82' lang='lat' dir='ltr'>supradietis</span> 
     </span>
     <span class='ocr_line' id='line_1_20' title="bbox 401 1454 2293 1503; baseline 0 -11"><span class='ocrx_word' id='word_1_220' title='bbox 401 1460 560 1502; x_wconf 88' lang='lat' dir='ltr'>personis</span> <span class='ocrx_word' id='word_1_221' title='bbox 574 1459 809 1503; x_wconf 86' lang='lat' dir='ltr'>supradictam</span> <span class='ocrx_word' id='word_1_222' title='bbox 824 1471 939 1493; x_wconf 87' lang='lat' dir='ltr'>rerum</span> <span class='ocrx_word' id='word_1_223' title='bbox 954 1471 1019 1503; x_wconf 89' lang='lat' dir='ltr'>per</span> <span class='ocrx_word' id='word_1_224' title='bbox 1040 1465 1120 1493; x_wconf 92' lang='lat' dir='ltr'>octo</span> <span class='ocrx_word' id='word_1_225' title='bbox 1142 1465 1250 1493; x_wconf 85' lang='lat' dir='ltr'>testes</span> <span class='ocrx_word' id='word_1_226' title='bbox 1265 1459 1448 1494; x_wconf 73' lang='lat' dir='ltr'>manifeste</span> <span class='ocrx_word' id='word_1_227' title='bbox 1464 1459 1636 1502; x_wconf 88' lang='lat' dir='ltr'>probauit,</span> <span class='ocrx_word' id='word_1_228' title='bbox 1652 1460 1748 1503; x_wconf 92' lang='lat' dir='ltr'>quod</span> <span class='ocrx_word' id='word_1_229' title='bbox 1763 1460 1857 1503; x_wconf 88' lang='lat' dir='ltr'>apud</span> <span class='ocrx_word' id='word_1_230' title='bbox 1872 1465 2033 1493; x_wconf 88' lang='lat' dir='ltr'>sanctum</span> <span class='ocrx_word' id='word_1_231' title='bbox 2047 1459 2238 1493; x_wconf 78' lang='lat' dir='ltr'>Iohannem</span> <span class='ocrx_word' id='word_1_232' title='bbox 2291 1454 2293 1456; x_wconf 60' lang='grc'>’</span> 
     </span>
     <span class='ocr_line' id='line_1_21' title="bbox 403 1512 2291 1559; baseline 0 -13"><span class='ocrx_word' id='word_1_233' title='bbox 403 1513 447 1546; x_wconf 91' lang='lat' dir='ltr'>de</span> <span class='ocrx_word' id='word_1_234' title='bbox 470 1513 649 1547; x_wconf 89' lang='lat' dir='ltr'>Incarrico</span> <span class='ocrx_word' id='word_1_235' title='bbox 671 1513 892 1557; x_wconf 88' lang='lat' dir='ltr'>supradictus</span> <span class='ocrx_word' id='word_1_236' title='bbox 907 1512 1175 1547; x_wconf 88' lang='lat' dir='ltr'>Bartholomeus</span> <span class='ocrx_word' id='word_1_237' title='bbox 1190 1513 1363 1547; x_wconf 88' lang='lat' dir='ltr'>concessit</span> <span class='ocrx_word' id='word_1_238' title='bbox 1386 1518 1422 1547; x_wconf 89' lang='lat' dir='ltr'>et</span> <span class='ocrx_word' id='word_1_239' title='bbox 1444 1523 1507 1556; x_wconf 90' lang='lat' dir='ltr'>per</span> <span class='ocrx_word' id='word_1_240' title='bbox 1529 1513 1656 1546; x_wconf 76' lang='lat' dir='ltr'>fustem</span> <span class='ocrx_word' id='word_1_241' title='bbox 1673 1514 1854 1546; x_wconf 87' lang='lat' dir='ltr'>inuestivit</span> <span class='ocrx_word' id='word_1_242' title='bbox 1876 1513 2052 1547; x_wconf 88' lang='lat' dir='ltr'>dominum</span> <span class='ocrx_word' id='word_1_243' title='bbox 2074 1512 2234 1559; x_wconf 81' lang='lat' dir='ltr'>Raynal-</span> <span class='ocrx_word' id='word_1_244' title='bbox 2270 1519 2291 1537; x_wconf 55' lang='lat'>1⁴²</span> 
     </span>
     <span class='ocr_line' id='line_1_22' title="bbox 403 1566 2236 1610; baseline 0.001 -11"><span class='ocrx_word' id='word_1_245' title='bbox 403 1567 484 1600; x_wconf 91' lang='lat' dir='ltr'>dum</span> <span class='ocrx_word' id='word_1_246' title='bbox 510 1567 788 1600; x_wconf 90' lang='lat' dir='ltr'>Buccauitellum</span> <span class='ocrx_word' id='word_1_247' title='bbox 811 1574 849 1600; x_wconf 93' lang='lat' dir='ltr'>ut</span> <span class='ocrx_word' id='word_1_248' title='bbox 871 1567 899 1600; x_wconf 90' lang='lat' dir='ltr'>si</span> <span class='ocrx_word' id='word_1_249' title='bbox 921 1568 997 1610; x_wconf 87' lang='lat' dir='ltr'>ipsa</span> <span class='ocrx_word' id='word_1_250' title='bbox 1012 1578 1111 1601; x_wconf 93' lang='lat' dir='ltr'>soror</span> <span class='ocrx_word' id='word_1_251' title='bbox 1134 1567 1208 1600; x_wconf 90' lang='lat' dir='ltr'>eius</span> <span class='ocrx_word' id='word_1_252' title='bbox 1231 1566 1346 1599; x_wconf 88' lang='lat' dir='ltr'>Maria</span> <span class='ocrx_word' id='word_1_253' title='bbox 1368 1566 1445 1599; x_wconf 88' lang='lat' dir='ltr'>sine</span> <span class='ocrx_word' id='word_1_254' title='bbox 1466 1566 1586 1600; x_wconf 88' lang='lat' dir='ltr'>liberis</span> <span class='ocrx_word' id='word_1_255' title='bbox 1609 1567 1811 1606; x_wconf 88' lang='lat' dir='ltr'>decederet,</span> <span class='ocrx_word' id='word_1_256' title='bbox 1827 1566 2029 1610; x_wconf 88' lang='lat' dir='ltr'>supradicta</span> <span class='ocrx_word' id='word_1_257' title='bbox 2053 1567 2176 1600; x_wconf 84' lang='lat' dir='ltr'>domus</span> <span class='ocrx_word' id='word_1_258' title='bbox 2199 1572 2236 1601; x_wconf 86' lang='lat' dir='ltr'>et</span> 
     </span>
     <span class='ocr_line' id='line_1_23' title="bbox 401 1619 2288 1668; baseline 0 -15"><span class='ocrx_word' id='word_1_259' title='bbox 401 1620 559 1653; x_wconf 89' lang='lat' dir='ltr'>clausura</span> <span class='ocrx_word' id='word_1_260' title='bbox 582 1627 696 1654; x_wconf 85' lang='lat' dir='ltr'>essent</span> <span class='ocrx_word' id='word_1_261' title='bbox 717 1619 849 1654; x_wconf 90' lang='lat' dir='ltr'>domini</span> <span class='ocrx_word' id='word_1_262' title='bbox 878 1621 1056 1666; x_wconf 83' lang='lat' dir='ltr'>Raynaldi</span> <span class='ocrx_word' id='word_1_263' title='bbox 1085 1627 1120 1655; x_wconf 87' lang='lat' dir='ltr'>et</span> <span class='ocrx_word' id='word_1_264' title='bbox 1143 1621 1311 1653; x_wconf 89' lang='lat' dir='ltr'>heredum</span> <span class='ocrx_word' id='word_1_265' title='bbox 1341 1631 1490 1660; x_wconf 89' lang='lat' dir='ltr'>suorum,</span> <span class='ocrx_word' id='word_1_266' title='bbox 1519 1626 1553 1653; x_wconf 92' lang='lat' dir='ltr'>et</span> <span class='ocrx_word' id='word_1_267' title='bbox 1582 1626 1661 1664; x_wconf 92' lang='lat' dir='ltr'>post</span> <span class='ocrx_word' id='word_1_268' title='bbox 1690 1626 1838 1654; x_wconf 85' lang='lat' dir='ltr'>mortem</span> <span class='ocrx_word' id='word_1_269' title='bbox 1867 1621 1976 1664; x_wconf 90' lang='lat' dir='ltr'>ipsius</span> <span class='ocrx_word' id='word_1_270' title='bbox 2001 1619 2238 1654; x_wconf 88' lang='lat' dir='ltr'>Bartholomei</span> <span class='ocrx_word' id='word_1_271' title='bbox 2283 1660 2288 1668; x_wconf 24' lang='lat' dir='ltr'><em>l</em></span> 
     </span>
     <span class='ocr_line' id='line_1_24' title="bbox 403 1674 2294 1719; baseline 0.001 -12"><span class='ocrx_word' id='word_1_272' title='bbox 403 1674 526 1707; x_wconf 91' lang='lat' dir='ltr'>eadem</span> <span class='ocrx_word' id='word_1_273' title='bbox 549 1684 647 1708; x_wconf 90' lang='lat' dir='ltr'>soror</span> <span class='ocrx_word' id='word_1_274' title='bbox 669 1674 746 1708; x_wconf 87' lang='lat' dir='ltr'>eius</span> <span class='ocrx_word' id='word_1_275' title='bbox 767 1675 899 1708; x_wconf 74' lang='lat' dir='ltr'>factum</span> <span class='ocrx_word' id='word_1_276' title='bbox 921 1675 974 1709; x_wconf 90' lang='lat' dir='ltr'>sui</span> <span class='ocrx_word' id='word_1_277' title='bbox 996 1675 1115 1708; x_wconf 73' lang='lat' dir='ltr'>fratris</span> <span class='ocrx_word' id='word_1_278' title='bbox 1137 1684 1396 1719; x_wconf 88' lang='lat' dir='ltr'>recognoscens</span> <span class='ocrx_word' id='word_1_279' title='bbox 1419 1684 1498 1707; x_wconf 92' lang='lat' dir='ltr'>cum</span> <span class='ocrx_word' id='word_1_280' title='bbox 1522 1674 1726 1707; x_wconf 90' lang='lat' dir='ltr'>auctoritate</span> <span class='ocrx_word' id='word_1_281' title='bbox 1757 1674 1890 1708; x_wconf 90' lang='lat' dir='ltr'>domini</span> <span class='ocrx_word' id='word_1_282' title='bbox 1913 1674 2083 1708; x_wconf 83' lang='lat' dir='ltr'>Gualterii</span> <span class='ocrx_word' id='word_1_283' title='bbox 2107 1674 2144 1707; x_wconf 89' lang='lat' dir='ltr'>in</span> <span class='ocrx_word' id='word_1_284' title='bbox 2165 1674 2234 1708; x_wconf 88' lang='lat' dir='ltr'>hoc</span> <span class='ocrx_word' id='word_1_285' title='bbox 2283 1699 2294 1714; x_wconf 64' lang='lat'>÷</span> 
     </span>
     <span class='ocr_line' id='line_1_25' title="bbox 401 1726 2240 1772; baseline -0.001 -11"><span class='ocrx_word' id='word_1_286' title='bbox 401 1726 468 1761; x_wconf 86' lang='lat' dir='ltr'>sibi</span> <span class='ocrx_word' id='word_1_287' title='bbox 491 1728 695 1761; x_wconf 86' lang='lat' dir='ltr'>mundualdi</span> <span class='ocrx_word' id='word_1_288' title='bbox 718 1728 874 1762; x_wconf 86' lang='lat' dir='ltr'>similiter</span> <span class='ocrx_word' id='word_1_289' title='bbox 896 1728 1076 1762; x_wconf 88' lang='lat' dir='ltr'>inuestiuit</span> <span class='ocrx_word' id='word_1_290' title='bbox 1097 1729 1143 1761; x_wconf 92' lang='lat' dir='ltr'>de</span> <span class='ocrx_word' id='word_1_291' title='bbox 1164 1728 1336 1771; x_wconf 88' lang='lat' dir='ltr'>predictis</span> <span class='ocrx_word' id='word_1_292' title='bbox 1358 1727 1462 1761; x_wconf 88' lang='lat' dir='ltr'>rebus</span> <span class='ocrx_word' id='word_1_293' title='bbox 1484 1728 1596 1771; x_wconf 89' lang='lat' dir='ltr'>ipsum</span> <span class='ocrx_word' id='word_1_294' title='bbox 1622 1727 1799 1761; x_wconf 89' lang='lat' dir='ltr'>dominum</span> <span class='ocrx_word' id='word_1_295' title='bbox 1822 1728 2046 1772; x_wconf 83' lang='lat' dir='ltr'>Raynaldum</span> <span class='ocrx_word' id='word_1_296' title='bbox 2070 1727 2134 1761; x_wconf 89' lang='lat' dir='ltr'>sub</span> <span class='ocrx_word' id='word_1_297' title='bbox 2157 1737 2240 1761; x_wconf 86' lang='lat' dir='ltr'>con-</span> 
     </span>
     <span class='ocr_line' id='line_1_26' title="bbox 403 1781 2276 1826; baseline 0 -12"><span class='ocrx_word' id='word_1_298' title='bbox 403 1781 545 1814; x_wconf 88' lang='lat' dir='ltr'>dicione</span> <span class='ocrx_word' id='word_1_299' title='bbox 568 1781 772 1825; x_wconf 83' lang='lat' dir='ltr'>prescripta,</span> <span class='ocrx_word' id='word_1_300' title='bbox 795 1782 824 1815; x_wconf 88' lang='lat' dir='ltr'>si</span> <span class='ocrx_word' id='word_1_301' title='bbox 848 1781 978 1826; x_wconf 86' lang='lat' dir='ltr'>absque</span> <span class='ocrx_word' id='word_1_302' title='bbox 1008 1781 1128 1815; x_wconf 88' lang='lat' dir='ltr'>liberis</span> <span class='ocrx_word' id='word_1_303' title='bbox 1151 1782 1351 1816; x_wconf 89' lang='lat' dir='ltr'>decederet.</span> <span class='ocrx_word' id='word_1_304' title='bbox 1397 1781 1475 1814; x_wconf 90' lang='lat' dir='ltr'>Hac</span> <span class='ocrx_word' id='word_1_305' title='bbox 1497 1782 1614 1825; x_wconf 88' lang='lat' dir='ltr'>itaque</span> <span class='ocrx_word' id='word_1_306' title='bbox 1646 1782 1855 1815; x_wconf 90' lang='lat' dir='ltr'>condicione</span> <span class='ocrx_word' id='word_1_307' title='bbox 1879 1782 2049 1816; x_wconf 80' lang='lat' dir='ltr'>existente</span> <span class='ocrx_word' id='word_1_308' title='bbox 2073 1781 2234 1814; x_wconf 86' lang='lat' dir='ltr'>dominus</span> <span class='ocrx_word' id='word_1_309' title='bbox 2255 1782 2276 1814; x_wconf 88' lang='lat'>2</span> 
     </span>
     <span class='ocr_line' id='line_1_27' title="bbox 399 1827 2293 1879; baseline 0 -11"><span class='ocrx_word' id='word_1_310' title='bbox 399 1834 606 1879; x_wconf 84' lang='lat' dir='ltr'>Raynaldus</span> <span class='ocrx_word' id='word_1_311' title='bbox 627 1845 682 1869; x_wconf 91' lang='lat' dir='ltr'>res</span> <span class='ocrx_word' id='word_1_312' title='bbox 703 1835 795 1879; x_wconf 88' lang='lat' dir='ltr'>ipsas</span> <span class='ocrx_word' id='word_1_313' title='bbox 817 1835 885 1868; x_wconf 93' lang='lat' dir='ltr'>sibi</span> <span class='ocrx_word' id='word_1_314' title='bbox 907 1836 1080 1879; x_wconf 90' lang='lat' dir='ltr'>pertinere</span> <span class='ocrx_word' id='word_1_315' title='bbox 1103 1836 1254 1869; x_wconf 87' lang='lat' dir='ltr'>dicebat.</span> <span class='ocrx_word' id='word_1_316' title='bbox 1299 1835 1387 1869; x_wconf 90' lang='lat' dir='ltr'>Cum</span> <span class='ocrx_word' id='word_1_317' title='bbox 1411 1845 1496 1879; x_wconf 90' lang='lat' dir='ltr'>ergo</span> <span class='ocrx_word' id='word_1_318' title='bbox 1518 1835 1628 1868; x_wconf 88' lang='lat' dir='ltr'>nichil</span> <span class='ocrx_word' id='word_1_319' title='bbox 1641 1835 1852 1868; x_wconf 89' lang='lat' dir='ltr'>contrarium</span> <span class='ocrx_word' id='word_1_320' title='bbox 1876 1847 1897 1868; x_wconf 85' lang='lat' dir='ltr'>a</span> <span class='ocrx_word' id='word_1_321' title='bbox 1919 1841 2018 1878; x_wconf 88' lang='lat' dir='ltr'>parte</span> <span class='ocrx_word' id='word_1_322' title='bbox 2041 1833 2241 1869; x_wconf 84' lang='lat' dir='ltr'>monasterii</span> <span class='ocrx_word' id='word_1_323' title='bbox 2289 1827 2293 1832; x_wconf 35' lang='lat'>*</span> 
     </span>
     <span class='ocr_line' id='line_1_28' title="bbox 400 1887 2292 1933; baseline 0 -12"><span class='ocrx_word' id='word_1_324' title='bbox 400 1888 583 1922; x_wconf 87' lang='lat' dir='ltr'>Casinensi</span> <span class='ocrx_word' id='word_1_325' title='bbox 605 1894 870 1932; x_wconf 88' lang='lat' dir='ltr'>proponeretur,</span> <span class='ocrx_word' id='word_1_326' title='bbox 885 1899 949 1922; x_wconf 90' lang='lat' dir='ltr'>nos</span> <span class='ocrx_word' id='word_1_327' title='bbox 971 1890 1031 1933; x_wconf 92' lang='lat' dir='ltr'>qui</span> <span class='ocrx_word' id='word_1_328' title='bbox 1054 1899 1160 1932; x_wconf 86' lang='lat' dir='ltr'>supra</span> <span class='ocrx_word' id='word_1_329' title='bbox 1181 1889 1345 1933; x_wconf 85' lang='lat' dir='ltr'>magister</span> <span class='ocrx_word' id='word_1_330' title='bbox 1359 1888 1625 1922; x_wconf 88' lang='lat' dir='ltr'>Bartholomeus</span> <span class='ocrx_word' id='word_1_331' title='bbox 1639 1889 1747 1922; x_wconf 86' lang='lat' dir='ltr'>iudex</span> <span class='ocrx_word' id='word_1_332' title='bbox 1771 1894 1808 1922; x_wconf 90' lang='lat' dir='ltr'>et</span> <span class='ocrx_word' id='word_1_333' title='bbox 1828 1888 2020 1922; x_wconf 88' lang='lat' dir='ltr'>aduocatus</span> <span class='ocrx_word' id='word_1_334' title='bbox 2034 1887 2244 1929; x_wconf 67' lang='lat' dir='ltr'>Casinends,</span> <span class='ocrx_word' id='word_1_335' title='bbox 2284 1894 2292 1917; x_wconf 71' lang='lat' dir='ltr'><em>f</em></span> 
     </span>
     <span class='ocr_line' id='line_1_29' title="bbox 401 1941 2290 1987; baseline 0 -13"><span class='ocrx_word' id='word_1_336' title='bbox 401 1941 520 1975; x_wconf 87' lang='lat' dir='ltr'>habito</span> <span class='ocrx_word' id='word_1_337' title='bbox 543 1942 701 1985; x_wconf 87' lang='lat' dir='ltr'>consilio,</span> <span class='ocrx_word' id='word_1_338' title='bbox 724 1941 934 1976; x_wconf 86' lang='lat' dir='ltr'>absoluimus</span> <span class='ocrx_word' id='word_1_339' title='bbox 955 1943 1114 1976; x_wconf 89' lang='lat' dir='ltr'>eumdem</span> <span class='ocrx_word' id='word_1_340' title='bbox 1129 1942 1304 1976; x_wconf 87' lang='lat' dir='ltr'>dominum</span> <span class='ocrx_word' id='word_1_341' title='bbox 1328 1941 1549 1987; x_wconf 86' lang='lat' dir='ltr'>Raynaldum</span> <span class='ocrx_word' id='word_1_342' title='bbox 1565 1942 1610 1975; x_wconf 89' lang='lat' dir='ltr'>ab</span> <span class='ocrx_word' id='word_1_343' title='bbox 1633 1942 1851 1985; x_wconf 87' lang='lat' dir='ltr'>impetitione</span> <span class='ocrx_word' id='word_1_344' title='bbox 1874 1943 2070 1976; x_wconf 86' lang='lat' dir='ltr'>Casinensis</span> <span class='ocrx_word' id='word_1_345' title='bbox 2085 1941 2237 1976; x_wconf 85' lang='lat' dir='ltr'>ecclesie</span> <span class='ocrx_word' id='word_1_346' title='bbox 2288 1967 2290 1974; x_wconf 75' lang='grc'>.,</span> 
     </span>
     <span class='ocr_line' id='line_1_30' title="bbox 402 1988 2293 2039; baseline 0.001 -11"><span class='ocrx_word' id='word_1_347' title='bbox 402 2006 506 2039; x_wconf 89' lang='lat' dir='ltr'>super</span> <span class='ocrx_word' id='word_1_348' title='bbox 521 1996 605 2039; x_wconf 90' lang='lat' dir='ltr'>ipsis</span> <span class='ocrx_word' id='word_1_349' title='bbox 627 1996 731 2029; x_wconf 88' lang='lat' dir='ltr'>rebus</span> <span class='ocrx_word' id='word_1_350' title='bbox 753 1997 860 2036; x_wconf 75' lang='lat' dir='ltr'>facta,</span> <span class='ocrx_word' id='word_1_351' title='bbox 883 2007 963 2029; x_wconf 89' lang='lat' dir='ltr'>cum</span> <span class='ocrx_word' id='word_1_352' title='bbox 985 2006 1107 2030; x_wconf 89' lang='lat' dir='ltr'>secure</span> <span class='ocrx_word' id='word_1_353' title='bbox 1130 1995 1300 2039; x_wconf 90' lang='lat' dir='ltr'>deinceps</span> <span class='ocrx_word' id='word_1_354' title='bbox 1315 1997 1409 2039; x_wconf 90' lang='lat' dir='ltr'>ipsas</span> <span class='ocrx_word' id='word_1_355' title='bbox 1431 2006 1487 2029; x_wconf 89' lang='lat' dir='ltr'>res</span> <span class='ocrx_word' id='word_1_356' title='bbox 1502 1997 1682 2038; x_wconf 88' lang='lat' dir='ltr'>possideat</span> <span class='ocrx_word' id='word_1_357' title='bbox 1704 1996 1772 2029; x_wconf 92' lang='lat' dir='ltr'>hoc</span> <span class='ocrx_word' id='word_1_358' title='bbox 1794 1997 1964 2030; x_wconf 90' lang='lat' dir='ltr'>iudicium</span> <span class='ocrx_word' id='word_1_359' title='bbox 1979 2001 2134 2029; x_wconf 87' lang='lat' dir='ltr'>nostrum</span> <span class='ocrx_word' id='word_1_360' title='bbox 2156 2005 2239 2030; x_wconf 87' lang='lat' dir='ltr'>auc·</span> <span class='ocrx_word' id='word_1_361' title='bbox 2289 1988 2293 1998; x_wconf 43' lang='lat'><strong><em>⁸</em></strong></span> 
     </span>
     <span class='ocr_line' id='line_1_31' title="bbox 399 2050 2294 2094; baseline 0.001 -12"><span class='ocrx_word' id='word_1_362' title='bbox 399 2050 541 2083; x_wconf 88' lang='lat' dir='ltr'>toritate</span> <span class='ocrx_word' id='word_1_363' title='bbox 563 2050 664 2083; x_wconf 90' lang='lat' dir='ltr'>huius</span> <span class='ocrx_word' id='word_1_364' title='bbox 686 2050 901 2084; x_wconf 86' lang='lat' dir='ltr'>instrumenti</span> <span class='ocrx_word' id='word_1_365' title='bbox 923 2051 1058 2094; x_wconf 90' lang='lat' dir='ltr'>publici</span> <span class='ocrx_word' id='word_1_366' title='bbox 1087 2050 1299 2091; x_wconf 87' lang='lat' dir='ltr'>roboramus,</span> <span class='ocrx_word' id='word_1_367' title='bbox 1329 2050 1424 2094; x_wconf 91' lang='lat' dir='ltr'>quod</span> <span class='ocrx_word' id='word_1_368' title='bbox 1449 2050 1512 2083; x_wconf 87' lang='lat' dir='ltr'>tibi</span> <span class='ocrx_word' id='word_1_369' title='bbox 1542 2050 1722 2083; x_wconf 89' lang='lat' dir='ltr'>Riccardo</span> <span class='ocrx_word' id='word_1_370' title='bbox 1752 2051 1955 2085; x_wconf 88' lang='lat' dir='ltr'>monasterii</span> <span class='ocrx_word' id='word_1_371' title='bbox 1984 2050 2184 2084; x_wconf 77' lang='lat' dir='ltr'>Casinensis</span> <span class='ocrx_word' id='word_1_372' title='bbox 2206 2055 2242 2084; x_wconf 87' lang='lat' dir='ltr'>et</span> <span class='ocrx_word' id='word_1_373' title='bbox 2279 2063 2294 2068; x_wconf 52' lang='lat'>¹*</span> 
     </span>
     <span class='ocr_line' id='line_1_32' title="bbox 402 2100 2297 2147; baseline 0.001 -12"><span class='ocrx_word' id='word_1_374' title='bbox 402 2103 554 2136; x_wconf 87' lang='lat' dir='ltr'>ciuitatis</span> <span class='ocrx_word' id='word_1_375' title='bbox 578 2104 690 2137; x_wconf 88' lang='lat' dir='ltr'>sancti</span> <span class='ocrx_word' id='word_1_376' title='bbox 715 2104 881 2138; x_wconf 84' lang='lat' dir='ltr'>Germani</span> <span class='ocrx_word' id='word_1_377' title='bbox 902 2104 1070 2147; x_wconf 91' lang='lat' dir='ltr'>pubblico</span> <span class='ocrx_word' id='word_1_378' title='bbox 1100 2105 1238 2138; x_wconf 87' lang='lat' dir='ltr'>notario</span> <span class='ocrx_word' id='word_1_379' title='bbox 1268 2103 1423 2137; x_wconf 88' lang='lat' dir='ltr'>scribere</span> <span class='ocrx_word' id='word_1_380' title='bbox 1450 2104 1694 2137; x_wconf 86' lang='lat' dir='ltr'>commisimus.</span> <span class='ocrx_word' id='word_1_381' title='bbox 1740 2104 1869 2137; x_wconf 88' lang='lat' dir='ltr'>Actum</span> <span class='ocrx_word' id='word_1_382' title='bbox 1892 2103 2024 2138; x_wconf 89' lang='lat' dir='ltr'>Casini.</span> <span class='ocrx_word' id='word_1_383' title='bbox 2069 2102 2244 2137; x_wconf 86' lang='lat' dir='ltr'>Emenda·</span> <span class='ocrx_word' id='word_1_384' title='bbox 2292 2100 2297 2126; x_wconf 59' lang='lat' dir='ltr'>l</span> 
     </span>
     <span class='ocr_line' id='line_1_33' title="bbox 401 2157 2296 2202; baseline 0.001 -14"><span class='ocrx_word' id='word_1_385' title='bbox 401 2162 473 2189; x_wconf 87' lang='lat' dir='ltr'>tum</span> <span class='ocrx_word' id='word_1_386' title='bbox 496 2162 549 2189; x_wconf 92' lang='lat' dir='ltr'>est</span> <span class='ocrx_word' id='word_1_387' title='bbox 571 2157 726 2200; x_wconf 80' lang='lat' dir='ltr'>superius</span> <span class='ocrx_word' id='word_1_388' title='bbox 748 2163 786 2191; x_wconf 91' lang='lat' dir='ltr'>ut</span> <span class='ocrx_word' id='word_1_389' title='bbox 800 2157 928 2202; x_wconf 87' lang='lat' dir='ltr'>legitur</span> <span class='ocrx_word' id='word_1_390' title='bbox 949 2157 1080 2191; x_wconf 88' lang='lat' dir='ltr'>Domus</span> <span class='ocrx_word' id='word_1_391' title='bbox 1105 2163 1140 2191; x_wconf 90' lang='lat' dir='ltr'>et</span> <span class='ocrx_word' id='word_1_392' title='bbox 1163 2157 1322 2190; x_wconf 87' lang='lat' dir='ltr'>clausura</span> <span class='ocrx_word' id='word_1_393' title='bbox 1344 2163 1458 2190; x_wconf 87' lang='lat' dir='ltr'>essent</span> <span class='ocrx_word' id='word_1_394' title='bbox 1481 2157 1613 2190; x_wconf 90' lang='lat' dir='ltr'>domini</span> <span class='ocrx_word' id='word_1_395' title='bbox 1636 2157 1815 2201; x_wconf 82' lang='lat' dir='ltr'>Raynaldi</span> <span class='ocrx_word' id='word_1_396' title='bbox 1838 2163 1874 2191; x_wconf 89' lang='lat' dir='ltr'>et</span> <span class='ocrx_word' id='word_1_397' title='bbox 1895 2157 2064 2195; x_wconf 86' lang='lat' dir='ltr'>heredum</span> <span class='ocrx_word' id='word_1_398' title='bbox 2088 2166 2239 2190; x_wconf 88' lang='lat' dir='ltr'>suorum.</span> <span class='ocrx_word' id='word_1_399' title='bbox 2293 2170 2296 2196; x_wconf 62' lang='grc' dir='ltr'>ζ</span> 
     </span>
    </p>

    <p class='ocr_par' dir='ltr' id='par_1_7' title="bbox 399 2209 2299 2361">
     <span class='ocr_line' id='line_1_34' title="bbox 494 2209 2239 2255; baseline 0 -12"><span class='ocrx_word' id='word_1_400' title='bbox 494 2209 534 2252; x_wconf 64' lang='lat' dir='ltr'>ffl</span> <span class='ocrx_word' id='word_1_401' title='bbox 558 2210 635 2254; x_wconf 89' lang='lat' dir='ltr'>Ego</span> <span class='ocrx_word' id='word_1_402' title='bbox 658 2210 717 2254; x_wconf 90' lang='lat' dir='ltr'>qui</span> <span class='ocrx_word' id='word_1_403' title='bbox 741 2220 846 2254; x_wconf 89' lang='lat' dir='ltr'>supra</span> <span class='ocrx_word' id='word_1_404' title='bbox 868 2210 1133 2244; x_wconf 85' lang='lat' dir='ltr'>Bartholomeus</span> <span class='ocrx_word' id='word_1_405' title='bbox 1159 2211 1264 2244; x_wconf 88' lang='lat' dir='ltr'>iudex</span> <span class='ocrx_word' id='word_1_406' title='bbox 1287 2216 1323 2244; x_wconf 90' lang='lat' dir='ltr'>et</span> <span class='ocrx_word' id='word_1_407' title='bbox 1345 2211 1535 2244; x_wconf 87' lang='lat' dir='ltr'>aduocatus</span> <span class='ocrx_word' id='word_1_408' title='bbox 1557 2211 1766 2244; x_wconf 87' lang='lat' dir='ltr'>Casinensis.</span> <span class='ocrx_word' id='word_1_409' title='bbox 1795 2211 1835 2254; x_wconf 62' lang='lat' dir='ltr'>&gt;E</span> <span class='ocrx_word' id='word_1_410' title='bbox 1859 2210 1935 2255; x_wconf 87' lang='lat' dir='ltr'>Ego</span> <span class='ocrx_word' id='word_1_411' title='bbox 1959 2211 2126 2254; x_wconf 86' lang='lat' dir='ltr'>magister</span> <span class='ocrx_word' id='word_1_412' title='bbox 2149 2209 2239 2244; x_wconf 89' lang='lat' dir='ltr'>Gre-</span> 
     </span>
     <span class='ocr_line' id='line_1_35' title="bbox 399 2262 2238 2308; baseline -0.001 -11"><span class='ocrx_word' id='word_1_413' title='bbox 399 2263 520 2308; x_wconf 86' lang='lat' dir='ltr'>gorius</span> <span class='ocrx_word' id='word_1_414' title='bbox 543 2263 691 2298; x_wconf 87' lang='lat' dir='ltr'>clericus</span> <span class='ocrx_word' id='word_1_415' title='bbox 713 2264 843 2298; x_wconf 88' lang='lat' dir='ltr'>domini</span> <span class='ocrx_word' id='word_1_416' title='bbox 878 2264 1028 2298; x_wconf 88' lang='lat' dir='ltr'>Gerardi</span> <span class='ocrx_word' id='word_1_417' title='bbox 1058 2264 1248 2298; x_wconf 84' lang='lat' dir='ltr'>cardinalis</span> <span class='ocrx_word' id='word_1_418' title='bbox 1277 2275 1363 2298; x_wconf 89' lang='lat' dir='ltr'>sum.</span> <span class='ocrx_word' id='word_1_419' title='bbox 1399 2264 1440 2307; x_wconf 55' lang='grc' dir='ltr'>»Β</span> <span class='ocrx_word' id='word_1_420' title='bbox 1464 2264 1541 2308; x_wconf 89' lang='lat' dir='ltr'>Ego</span> <span class='ocrx_word' id='word_1_421' title='bbox 1567 2264 1673 2297; x_wconf 87' lang='lat' dir='ltr'>iudex</span> <span class='ocrx_word' id='word_1_422' title='bbox 1695 2264 1908 2298; x_wconf 90' lang='lat' dir='ltr'>Benedictus</span> <span class='ocrx_word' id='word_1_423' title='bbox 1938 2263 2050 2298; x_wconf 84' lang='lat' dir='ltr'>sancti</span> <span class='ocrx_word' id='word_1_424' title='bbox 2073 2262 2238 2297; x_wconf 77' lang='lat' dir='ltr'>Iohannis</span> 
     </span>
     <span class='ocr_line' id='line_1_36' title="bbox 400 2316 780 2361; baseline 0.003 -12"><span class='ocrx_word' id='word_1_425' title='bbox 400 2316 535 2361; x_wconf 89' lang='lat' dir='ltr'>signum</span> <span class='ocrx_word' id='word_1_426' title='bbox 560 2317 674 2350; x_wconf 89' lang='lat' dir='ltr'>crucis</span> <span class='ocrx_word' id='word_1_427' title='bbox 696 2317 780 2351; x_wconf 73' lang='lat' dir='ltr'>teci.</span> 
     </span>
    </p>
   </div>
   <div class='ocr_carea' id='block_1_7' title="bbox 2253 0 2320 3444">
    <p class='ocr_par' dir='ltr' id='par_1_8' title="bbox 2253 0 2320 3444">
     <span class='ocr_line' id='line_1_37' title="bbox 2253 0 2320 1848; baseline 0 -89"><span class='ocrx_word' id='word_1_428' title='bbox 2253 0 2320 1848; x_wconf 95' lang='lat' dir='ltr'>    </span> 
     </span>
     <span class='ocr_line' id='line_1_38' title="bbox 2257 1848 2320 3444; baseline 0 0"><span class='ocrx_word' id='word_1_429' title='bbox 2257 1848 2320 3444; x_wconf 95' lang='lat' dir='ltr'>   </span> 
     </span>
    </p>
   </div>
   <div class='ocr_carea' id='block_1_8' title="bbox 1298 2424 2298 2524">
    <p class='ocr_par' dir='ltr' id='par_1_9' title="bbox 1298 2424 2298 2524">
     <span class='ocr_line' id='line_1_39' title="bbox 1298 2424 2298 2524; baseline -0.001 -12"><span class='ocrx_word' id='word_1_430' title='bbox 1298 2424 1342 2458; x_wconf 49' lang='lat' dir='ltr'>V.</span> <span class='ocrx_word' id='word_1_431' title='bbox 1671 2490 1713 2512; x_wconf 92' lang='grc'>22</span> <span class='ocrx_word' id='word_1_432' title='bbox 1724 2478 1887 2524; x_wconf 74' lang='lat' dir='ltr'>jebbraio</span> <span class='ocrx_word' id='word_1_433' title='bbox 1909 2488 2001 2523; x_wconf 83' lang='lat'><em>1195,</em></span> <span class='ocrx_word' id='word_1_434' title='bbox 2025 2479 2094 2513; x_wconf 71' lang='lat' dir='ltr'>ind.</span> <span class='ocrx_word' id='word_1_435' title='bbox 2121 2477 2239 2512; x_wconf 83' lang='lat' dir='ltr'>XIII.</span> <span class='ocrx_word' id='word_1_436' title='bbox 2294 2487 2298 2496; x_wconf 46' lang='lat'>&#39;¹</span> 
     </span>
    </p>
   </div>
   <div class='ocr_carea' id='block_1_9' title="bbox 401 2530 2297 2701">
    <p class='ocr_par' dir='ltr' id='par_1_10' title="bbox 401 2530 2297 2701">
     <span class='ocr_line' id='line_1_40' title="bbox 489 2530 2297 2595; baseline -0.001 -11"><span class='ocrx_word' id='word_1_437' title='bbox 489 2549 592 2594; x_wconf 80' lang='lat' dir='ltr'>Dopo</span> <span class='ocrx_word' id='word_1_438' title='bbox 615 2549 650 2582; x_wconf 89' lang='lat' dir='ltr'>la</span> <span class='ocrx_word' id='word_1_439' title='bbox 671 2550 874 2584; x_wconf 77' lang='lat' dir='ltr'>concessione</span> <span class='ocrx_word' id='word_1_440' title='bbox 896 2551 953 2584; x_wconf 87' lang='lat' dir='ltr'>del</span> <span class='ocrx_word' id='word_1_441' title='bbox 975 2550 1119 2584; x_wconf 85' lang='lat' dir='ltr'>Castello</span> <span class='ocrx_word' id='word_1_442' title='bbox 1143 2550 1285 2583; x_wconf 79' lang='lat' dir='ltr'>d&#39;Atina</span> <span class='ocrx_word' id='word_1_443' title='bbox 1298 2550 1399 2594; x_wconf 78' lang='lat' dir='ltr'>satta</span> <span class='ocrx_word' id='word_1_444' title='bbox 1415 2550 1711 2595; x_wconf 76' lang='lat' dir='ltr'>dall&#39;imperatore</span> <span class='ocrx_word' id='word_1_445' title='bbox 1726 2551 1864 2594; x_wconf 59' lang='lat' dir='ltr'>Arrujqo</span> <span class='ocrx_word' id='word_1_446' title='bbox 1887 2551 1941 2585; x_wconf 91' lang='lat' dir='ltr'>VI</span> <span class='ocrx_word' id='word_1_447' title='bbox 1949 2550 1987 2583; x_wconf 90' lang='lat' dir='ltr'>al</span> <span class='ocrx_word' id='word_1_448' title='bbox 1999 2554 2189 2583; x_wconf 80' lang='lat' dir='ltr'>monastero</span> <span class='ocrx_word' id='word_1_449' title='bbox 2203 2549 2244 2582; x_wconf 73' lang='lat' dir='ltr'>da·</span> <span class='ocrx_word' id='word_1_450' title='bbox 2290 2530 2297 2582; x_wconf 26' lang='lat'>⁷:-</span> 
     </span>
     <span class='ocr_line' id='line_1_41' title="bbox 401 2599 2295 2649; baseline 0 -13"><span class='ocrx_word' id='word_1_451' title='bbox 401 2604 657 2643; x_wconf 79' lang='lat' dir='ltr'>Montecassino,</span> <span class='ocrx_word' id='word_1_452' title='bbox 680 2604 710 2637; x_wconf 84' lang='lat' dir='ltr'>il</span> <span class='ocrx_word' id='word_1_453' title='bbox 722 2615 780 2637; x_wconf 82' lang='lat' dir='ltr'>suo</span> <span class='ocrx_word' id='word_1_454' title='bbox 795 2605 905 2643; x_wconf 81' lang='lat' dir='ltr'>abate,</span> <span class='ocrx_word' id='word_1_455' title='bbox 928 2602 1104 2649; x_wconf 78' lang='lat' dir='ltr'>Roffredo</span> <span class='ocrx_word' id='word_1_456' title='bbox 1127 2604 1316 2643; x_wconf 80' lang='lat' dir='ltr'>cardinale,</span> <span class='ocrx_word' id='word_1_457' title='bbox 1339 2605 1394 2638; x_wconf 87' lang='lat' dir='ltr'>col</span> <span class='ocrx_word' id='word_1_458' title='bbox 1413 2614 1569 2637; x_wconf 84' lang='lat' dir='ltr'>consenso</span> <span class='ocrx_word' id='word_1_459' title='bbox 1586 2605 1643 2637; x_wconf 80' lang='lat' dir='ltr'>dei</span> <span class='ocrx_word' id='word_1_460' title='bbox 1661 2606 1796 2638; x_wconf 79' lang='lat' dir='ltr'>monaci</span> <span class='ocrx_word' id='word_1_461' title='bbox 1806 2605 1981 2646; x_wconf 83' lang='lat' dir='ltr'>conferma</span> <span class='ocrx_word' id='word_1_462' title='bbox 1996 2604 2079 2637; x_wconf 74' lang='lat' dir='ltr'>tutti</span> <span class='ocrx_word' id='word_1_463' title='bbox 2099 2603 2116 2636; x_wconf 74' lang='lat' dir='ltr'>a·</span> <span class='ocrx_word' id='word_1_464' title='bbox 2128 2603 2242 2648; x_wconf 71' lang='lat' dir='ltr'>prim&#39;-</span> <span class='ocrx_word' id='word_1_465' title='bbox 2293 2599 2295 2605; x_wconf 57' lang='lat'><strong>⁴</strong></span> 
     </span>
     <span class='ocr_line' id='line_1_42' title="bbox 403 2656 1671 2701; baseline 0.001 -12"><span class='ocrx_word' id='word_1_466' title='bbox 403 2656 481 2700; x_wconf 76' lang='lat' dir='ltr'>legi</span> <span class='ocrx_word' id='word_1_467' title='bbox 500 2668 518 2690; x_wconf 93' lang='lat' dir='ltr'>e</span> <span class='ocrx_word' id='word_1_468' title='bbox 540 2657 572 2690; x_wconf 89' lang='lat' dir='ltr'>le</span> <span class='ocrx_word' id='word_1_469' title='bbox 593 2657 714 2691; x_wconf 73' lang='lat' dir='ltr'>liberta</span> <span class='ocrx_word' id='word_1_470' title='bbox 735 2658 803 2701; x_wconf 76' lang='lat' dir='ltr'>gia</span> <span class='ocrx_word' id='word_1_471' title='bbox 825 2658 956 2701; x_wconf 83' lang='lat' dir='ltr'>goduti</span> <span class='ocrx_word' id='word_1_472' title='bbox 975 2658 1068 2690; x_wconf 87' lang='lat' dir='ltr'>dalla</span> <span class='ocrx_word' id='word_1_473' title='bbox 1091 2657 1212 2691; x_wconf 78' lang='lat' dir='ltr'>Ckiesa</span> <span class='ocrx_word' id='word_1_474' title='bbox 1235 2657 1276 2690; x_wconf 82' lang='lat' dir='ltr'>di</span> <span class='ocrx_word' id='word_1_475' title='bbox 1294 2656 1330 2691; x_wconf 86' lang='lat' dir='ltr'>S.</span> <span class='ocrx_word' id='word_1_476' title='bbox 1354 2658 1471 2691; x_wconf 85' lang='lat' dir='ltr'>Maria</span> <span class='ocrx_word' id='word_1_477' title='bbox 1494 2658 1535 2690; x_wconf 77' lang='lat' dir='ltr'>di</span> <span class='ocrx_word' id='word_1_478' title='bbox 1554 2657 1671 2691; x_wconf 82' lang='lat' dir='ltr'>Atina.</span> 
     </span>
    </p>
   </div>
   <div class='ocr_carea' id='block_1_10' title="bbox 490 2738 1587 2784">
    <p class='ocr_par' dir='ltr' id='par_1_11' title="bbox 490 2738 1587 2784">
     <span class='ocr_line' id='line_1_43' title="bbox 490 2738 1587 2784; baseline 0.002 -13"><span class='ocrx_word' id='word_1_479' title='bbox 490 2738 655 2772; x_wconf 75' lang='lat' dir='ltr'>Archivio</span> <span class='ocrx_word' id='word_1_480' title='bbox 678 2739 717 2771; x_wconf 76' lang='lat' dir='ltr'>di</span> <span class='ocrx_word' id='word_1_481' title='bbox 736 2739 994 2773; x_wconf 67' lang='lat' dir='ltr'>Alontecassino.</span> <span class='ocrx_word' id='word_1_482' title='bbox 1041 2738 1121 2773; x_wconf 88' lang='lat' dir='ltr'>Cod.</span> <span class='ocrx_word' id='word_1_483' title='bbox 1145 2740 1233 2784; x_wconf 76' lang='lat' dir='ltr'>dipl.</span> <span class='ocrx_word' id='word_1_484' title='bbox 1258 2744 1335 2773; x_wconf 85' lang='lat' dir='ltr'>tom.</span> <span class='ocrx_word' id='word_1_485' title='bbox 1360 2739 1388 2772; x_wconf 95' lang='lat' dir='ltr'>I</span> <span class='ocrx_word' id='word_1_486' title='bbox 1390 2739 1425 2782; x_wconf 86' lang='lat' dir='ltr'>V,</span> <span class='ocrx_word' id='word_1_487' title='bbox 1448 2750 1476 2772; x_wconf 86' lang='lat' dir='ltr'>c.</span> <span class='ocrx_word' id='word_1_488' title='bbox 1499 2749 1546 2782; x_wconf 81' lang='lat'>34</span> <span class='ocrx_word' id='word_1_489' title='bbox 1557 2751 1587 2773; x_wconf 86' lang='lat' dir='ltr'>r.</span> 
     </span>
    </p>
   </div>
   <div class='ocr_carea' id='block_1_11' title="bbox 401 2841 2295 3046">
    <p class='ocr_par' dir='ltr' id='par_1_12' title="bbox 401 2841 2315 3049">
     <span class='ocr_line' id='line_1_44' title="bbox 488 2841 2236 2878; baseline 0.001 -4"><span class='ocrx_word' id='word_1_490' title='bbox 488 2841 529 2874; x_wconf 93' lang='lat' dir='ltr'>In</span> <span class='ocrx_word' id='word_1_491' title='bbox 551 2842 690 2875; x_wconf 89' lang='lat' dir='ltr'>nomine</span> <span class='ocrx_word' id='word_1_492' title='bbox 713 2842 845 2876; x_wconf 89' lang='lat' dir='ltr'>domini</span> <span class='ocrx_word' id='word_1_493' title='bbox 867 2843 976 2876; x_wconf 89' lang='lat' dir='ltr'>nostri</span> <span class='ocrx_word' id='word_1_494' title='bbox 997 2843 1074 2875; x_wconf 90' lang='lat' dir='ltr'>Iesu</span> <span class='ocrx_word' id='word_1_495' title='bbox 1097 2841 1237 2876; x_wconf 88' lang='lat' dir='ltr'>Christi.</span> <span class='ocrx_word' id='word_1_496' title='bbox 1281 2843 1385 2876; x_wconf 91' lang='lat' dir='ltr'>Anno</span> <span class='ocrx_word' id='word_1_497' title='bbox 1408 2843 1659 2877; x_wconf 84' lang='lat' dir='ltr'>incarnationis</span> <span class='ocrx_word' id='word_1_498' title='bbox 1674 2844 1828 2878; x_wconf 89' lang='lat' dir='ltr'>eiusdem</span> <span class='ocrx_word' id='word_1_499' title='bbox 1850 2842 2030 2876; x_wconf 87' lang='lat' dir='ltr'>millesimo</span> <span class='ocrx_word' id='word_1_500' title='bbox 2047 2842 2236 2876; x_wconf 87' lang='lat' dir='ltr'>centesimo</span> 
     </span>
     <span class='ocr_line' id='line_1_45' title="bbox 401 2894 2292 2939; baseline 0.001 -15"><span class='ocrx_word' id='word_1_501' title='bbox 401 2894 626 2938; x_wconf 82' lang='lat' dir='ltr'>nonagesimo</span> <span class='ocrx_word' id='word_1_502' title='bbox 649 2894 770 2938; x_wconf 83' lang='lat' dir='ltr'>quinto</span> <span class='ocrx_word' id='word_1_503' title='bbox 793 2901 827 2928; x_wconf 89' lang='lat' dir='ltr'>et</span> <span class='ocrx_word' id='word_1_504' title='bbox 849 2901 973 2939; x_wconf 89' lang='lat' dir='ltr'>quarto</span> <span class='ocrx_word' id='word_1_505' title='bbox 996 2895 1132 2939; x_wconf 89' lang='lat' dir='ltr'>imperii</span> <span class='ocrx_word' id='word_1_506' title='bbox 1147 2894 1277 2929; x_wconf 84' lang='lat' dir='ltr'>domini</span> <span class='ocrx_word' id='word_1_507' title='bbox 1300 2895 1443 2928; x_wconf 88' lang='lat' dir='ltr'>Henrici</span> <span class='ocrx_word' id='word_1_508' title='bbox 1467 2897 1557 2929; x_wconf 85' lang='lat' dir='ltr'>sexti</span> <span class='ocrx_word' id='word_1_509' title='bbox 1581 2896 1816 2930; x_wconf 90' lang='lat' dir='ltr'>Romanoram</span> <span class='ocrx_word' id='word_1_510' title='bbox 1842 2902 1877 2930; x_wconf 92' lang='lat' dir='ltr'>et</span> <span class='ocrx_word' id='word_1_511' title='bbox 1905 2897 2006 2939; x_wconf 88' lang='lat' dir='ltr'>regni</span> <span class='ocrx_word' id='word_1_512' title='bbox 2027 2894 2146 2928; x_wconf 82' lang='lat' dir='ltr'>Sicilie</span> <span class='ocrx_word' id='word_1_513' title='bbox 2168 2895 2231 2927; x_wconf 87' lang='lat' dir='ltr'>im·-</span> <span class='ocrx_word' id='word_1_514' title='bbox 2288 2918 2292 2925; x_wconf 59' lang='lat'>2</span> 
     </span>
     <span class='ocr_line' id='line_1_46' title="bbox 401 2947 2295 2996; baseline 0.001 -17"><span class='ocrx_word' id='word_1_515' title='bbox 401 2947 573 2989; x_wconf 89' lang='lat' dir='ltr'>peratoris</span> <span class='ocrx_word' id='word_1_516' title='bbox 596 2954 632 2981; x_wconf 90' lang='lat' dir='ltr'>et</span> <span class='ocrx_word' id='word_1_517' title='bbox 653 2958 790 2990; x_wconf 90' lang='lat' dir='ltr'>semper</span> <span class='ocrx_word' id='word_1_518' title='bbox 811 2947 960 2992; x_wconf 85' lang='lat' dir='ltr'>Augusti</span> <span class='ocrx_word' id='word_1_519' title='bbox 990 2959 1109 2982; x_wconf 88' lang='lat' dir='ltr'>mense</span> <span class='ocrx_word' id='word_1_520' title='bbox 1133 2948 1301 2982; x_wconf 76' lang='lat' dir='ltr'>februarii</span> <span class='ocrx_word' id='word_1_521' title='bbox 1324 2949 1493 2983; x_wconf 87' lang='lat' dir='ltr'>uicesimo</span> <span class='ocrx_word' id='word_1_522' title='bbox 1517 2949 1672 2983; x_wconf 89' lang='lat' dir='ltr'>secundo</span> <span class='ocrx_word' id='word_1_523' title='bbox 1703 2949 1759 2983; x_wconf 92' lang='lat' dir='ltr'>die</span> <span class='ocrx_word' id='word_1_524' title='bbox 1783 2949 1910 2982; x_wconf 87' lang='lat' dir='ltr'>mensis</span> <span class='ocrx_word' id='word_1_525' title='bbox 1933 2949 2097 2988; x_wconf 89' lang='lat' dir='ltr'>eiusdem,</span> <span class='ocrx_word' id='word_1_526' title='bbox 2119 2947 2235 2981; x_wconf 88' lang='lat' dir='ltr'>indic·</span> <span class='ocrx_word' id='word_1_527' title='bbox 2293 2994 2295 2996; x_wconf 14' lang='lat' dir='ltr'>q</span> 
     </span>
     <span class='ocr_line' id='line_1_47' title="bbox 402 2999 2273 3046; baseline 0.001 -13"><span class='ocrx_word' id='word_1_528' title='bbox 402 2999 495 3034; x_wconf 90' lang='lat' dir='ltr'>tione</span> <span class='ocrx_word' id='word_1_529' title='bbox 528 3001 783 3035; x_wconf 86' lang='lat' dir='ltr'>tertiadecima.</span> <span class='ocrx_word' id='word_1_530' title='bbox 830 3002 916 3036; x_wconf 87' lang='lat' dir='ltr'>Cum</span> <span class='ocrx_word' id='word_1_531' title='bbox 951 3002 1104 3036; x_wconf 90' lang='lat' dir='ltr'>omnium</span> <span class='ocrx_word' id='word_1_532' title='bbox 1133 3002 1231 3036; x_wconf 89' lang='lat' dir='ltr'>iustis</span> <span class='ocrx_word' id='word_1_533' title='bbox 1261 3002 1486 3046; x_wconf 85' lang='lat' dir='ltr'>petitionibus</span> <span class='ocrx_word' id='word_1_534' title='bbox 1516 3014 1560 3037; x_wconf 88' lang='lat' dir='ltr'>ex</span> <span class='ocrx_word' id='word_1_535' title='bbox 1589 3004 1745 3038; x_wconf 87' lang='lat' dir='ltr'>iniuncto</span> <span class='ocrx_word' id='word_1_536' title='bbox 1774 3003 1874 3037; x_wconf 88' lang='lat' dir='ltr'>nobis</span> <span class='ocrx_word' id='word_1_537' title='bbox 1903 3002 2018 3036; x_wconf 88' lang='lat' dir='ltr'>officio</span> <span class='ocrx_word' id='word_1_538' title='bbox 2051 3009 2230 3036; x_wconf 85' lang='lat' dir='ltr'>teneamur</span> <span class='ocrx_word' id='word_1_539' title='bbox 2254 3002 2273 3035; x_wconf 72' lang='lat'><strong>⁴</strong></span> 
     </span>
    </p>
   </div>
  </div>
 </body>
</html>
