2320 3444
179 231 344 256 Mua.‚c.9ss
395 220 442 255 46
851 214 1127 250 RYCCARDI
1158 211 1227 245 DE
1255 210 1466 246 SANCTO
1496 209 1765 245 GERMANO
1925 214 2226 252 [AA.1212-12131

216 741 235 755 c.
250 740 310 759 113r

395 349 596 383 “fallaciter
619 346 818 380 excusando
849 345 893 378 ab
925 345 1130 377 executione
1160 349 1229 375 tam

393 403 529 435 “sancti
560 401 676 444 operis
706 399 935 437 subtrahatur,
966 398 993 430 si
1026 397 1231 430 canonicam

393 457 495 489 “uult
518 455 675 499 effugere
705 453 884 492 ultionem,
915 461 1016 483 nemo
1048 450 1231 483 dissentio-

393 511 499 542 “num
524 507 701 540 obstacula
727 516 788 537 seu
817 505 950 537 uiarum
981 502 1232 546 impedimenta

393 565 407 581 “
421 566 588 598 causetur,
612 571 678 603 que
702 559 850 591 Domino
874 557 1025 589 faciente
1043 556 1178 600 signum
1195 556 1231 587 in
1315 555 1333 587 5

393 615 558 651 “bonum‚
588 623 631 644 ex
662 622 786 655 magna
816 612 886 643 iam
916 615 1016 652 parte
1041 615 1231 642 cessarunt.

392 670 406 686 ‘⁴
419 667 508 700 Nam
525 672 558 699 et
574 671 700 709 quanto
717 665 897 696 imminent
912 663 1043 695 maiora
1063 662 1229 708 pericula,

392 723 405 739 ‘⁴
420 720 521 753 tan'to
545 719 680 761 potiora
695 718 849 749 remedia
866 716 1032 749 conuenit
1048 715 1230 759 adhyberi.

392 776 406 791 “
419 774 604 815 Nunquam
628 772 719 804 enim
743 769 920 813 nauigabit
944 780 1007 812 per
1025 778 1155 812 equora
1170 767 1230 811 qui

391 828 551 868 “semper
580 829 750 867 expectat,
783 828 818 855 ut
848 832 943 854 mare
974 831 1045 854 non
1077 821 1230 853 concitet
1296 822 1335 854 10

390 881 404 896 ‘⁴
418 889 459 910 ex
482 888 518 910 se
541 878 676 910 fluctus.
722 877 849 908 Datum
872 875 1048 914 Laterani,
1079 884 1127 907 xv
1157 873 1230 906 kal.

387 932 401 948 “
415 931 505 964 Iunii
528 931 746 973 pontificatus
770 929 878 961 nostri
903 939 994 961 anno
1017 927 1125 970 XVI0„
1143 926 1163 959 ¹.

469 985 546 1017 Hoc
570 993 663 1016 anno
687 984 798 1015 fames
821 983 858 1014 in
882 981 1011 1024 Apulia
1032 987 1151 1014 exorta
1168 987 1229 1013 est.

468 1037 691 1070 Innocentius
723 1046 814 1078 papa
844 1035 940 1067 uenit
972 1034 1140 1078 Signiam,
1170 1034 1229 1068 ubi

382 1089 597 1124 Adenulfum
609 1090 834 1122 Casertanum
846 1088 1069 1121 Casinensem
1078 1088 1230 1120 electum
1297 1088 1334 1122 15

380 1151 523 1187 propter
544 1150 726 1188 urgentem
751 1142 993 1175 necessitatem
1016 1141 1051 1173 in
1068 1141 1229 1174 abbatem

380 1197 553 1240 promouit
566 1196 587 1229 ².
634 1195 845 1228 Fredericus
875 1205 939 1227 rex
969 1194 1098 1227 auxilio
1132 1194 1227 1236 prin-

379 1251 495 1293 cipum
517 1256 623 1283 totam
646 1248 828 1282 Alemanie
852 1248 1033 1290 planitiem
1063 1247 1229 1290 optinuit,

382 1309 416 1337 et
438 1310 521 1336 tunc
545 1304 579 1335 in
604 1303 799 1336 Romanum
826 1302 959 1334 electus
986 1301 1229 1344 imperatorem

381 1363 567 1390 coronatur
582 1363 616 1389 et
631 1367 667 1389 se
683 1356 795 1389 crucis
811 1361 990 1388 caractere
1007 1354 1192 1398 insigniuit
1206 1353 1230 1395 ⁸,
1293 1357 1335 1388 20

380 1411 507 1444 Octoni
540 1410 739 1453 imperatori
772 1409 854 1442 solis
889 1408 1139 1441 munitionibus
1173 1418 1228 1441 re-

380 1464 609 1498 manentibus.

470 1571 746 1612 [M.⁰CC.⁰XIII⁰]
771 1569 1021 1612 [IJnnocentius
1049 1579 1141 1611 papa
1171 1580 1228 1600 ur—
1476 1570 1661 1603 Millesimo
1689 1570 1878 1604 CC⁰X111⁰.
1909 1570 2134 1603 Innocentius
2163 1568 2260 1616 pia-¹2·
2283 1573 2300 1613 s

381 1625 459 1657 bem
483 1625 601 1656 exiens
623 1634 739 1656 mense
763 1624 854 1655 Iunii
878 1623 941 1655 iuit
956 1622 1151 1661 Usterbum,
1167 1621 1228 1654 ubi
1386 1634 1431 1666 pa
1455 1624 1586 1656 Urbem
1609 1625 1728 1657 exiens
1751 1634 1868 1656 mense
1900 1623 1987 1656 Iunii
2018 1624 2084 1664 iuit
2113 1622 2268 1670 Uiter-c‘
2294 1627 2298 1637 ³

379 1689 443 1720 per
465 1677 645 1721 generales
669 1688 755 1720 quas
779 1677 814 1708 in
832 1676 926 1708 hunc
941 1676 1083 1708 modum
1100 1675 1227 1709 direxit
1290 1675 1331 1709 25
1386 1677 1491 1716 bium,
1514 1677 1574 1710 ubi
1596 1688 1658 1720 per
1679 1677 1872 1721 generales,
1897 1688 1982 1720 quas
2003 1677 2133 1721 ubique
2159 1676 2297 1723 ter-c'

380 1731 529 1771 lieteras,
565 1740 684 1763 omnes
722 1730 852 1763 Christi
891 1729 1013 1762 fideles
1050 1729 1097 1762 ad
1134 1735 1225 1762 terre
1385 1742 1499 1763 rarum
1522 1731 1654 1774 dirigit,
1677 1731 1808 1764 litteras
1824 1741 1943 1764 omnes
1958 1730 2088 1764 Christi
2102 1730 2298 1776 fidelesfflp

379 1791 497 1817 sancte
521 1783 710 1817 subsidium
734 1783 920 1816 excitauit:
1384 1785 1429 1817 ad
1452 1790 1544 1817 terre
1568 1790 1687 1817 sancte
1711 1784 1899 1818 subsidium
1931 1785 2143 1824 exhortatur,
2165 1793 2230 1827 per

473 1839 487 1854 “
501 1837 722 1869 Innocentius
733 1837 917 1879 episcopus
930 1842 966 1868 et
978 1842 1105 1869 cetera.
1131 1835 1224 1874 Quia
1385 1848 1470 1881 quas
1485 1838 1584 1870 etiam
1603 1837 1968 1871 excommunicationis
1983 1837 2129 1871 innodat
2150 1837 2230 1870 uin-

383 1890 396 1906 “
413 1890 521 1923 maior
551 1900 641 1923 nunc
672 1890 776 1922 instat
807 1890 996 1922 necessitas
1028 1900 1114 1932 quas
1136 1900 1224 1921 nun·
1383 1892 1463 1924 culo
1476 1891 1646 1924 cursarios
1661 1897 1695 1923 et
1711 1896 1861 1934 pyratas,
1874 1891 1933 1934 qui
1945 1891 2086 1934 capiunt
2097 1896 2134 1924 et
2147 1900 2229 1934 spo-
2289 1884 2293 1923 τ’

386 1945 400 1960 “
413 1954 514 1986 quam
536 1943 707 1986 institerit,
730 1949 767 1976 ut
789 1949 881 1975 terre
900 1949 1017 1975 sancte
1034 1942 1223 1993 necessita·
1287 1943 1329 1975 30
1382 1944 1468 1977 liant
1490 1949 1718 1984 transeuntes,
1748 1944 1867 1987 sicque
1897 1943 2086 1978 subsidium
2117 1943 2227 1987 impe·-
2278 1939 2293 1979 Ῠξ

385 1998 399 2014 “
413 1996 503 2029 tibus
525 2002 747 2029 succurratur
770 2003 805 2029 et
821 1997 865 2029 de
882 2006 1047 2028 succursu
1063 2002 1224 2039 speratur
1384 1997 1482 2030 diunt
1497 2003 1587 2030 terre
1604 1997 1769 2038 eiusdem,
1782 2003 1816 2030 et
1832 1998 1893 2040 qui
1909 1998 2061 2030 scienter
2075 2007 2228 2031 commu·
2279 1992 2286 2036 ζ

387 2051 522 2082 “maior
544 2061 647 2093 quam
672 2061 834 2093 umquam
858 2049 1063 2092 prouenerit
1092 2049 1224 2082 utilitas
1381 2051 1501 2084 nicant
1539 2062 1616 2084 cum
1648 2051 1779 2084 eisdem
1810 2050 1846 2082 in
1875 2050 1992 2094 aliquo
2016 2049 2228 2084 uendifionis

387 2105 631 2145 “prouentura‚
656 2114 740 2136 ecce
772 2109 945 2145 resumpta
974 2113 1063 2135 uoce
1094 2103 1223 2136 clama·
1383 2104 1437 2136 uel
1461 2104 1647 2146 emptionis
1671 2109 1860 2136 contractu.
1905 2104 2052 2136 Innouat
2066 2109 2228 2147 preterea
2283 2144 2285 2148 f

387 2158 486 2189 “mus
510 2157 555 2188 ad
577 2167 650 2196 uos,
682 2162 717 2189 et
746 2167 810 2199 pro
842 2156 902 2188 illo
934 2157 1131 2195 clamamus,
1162 2156 1222 2199 qui
1382 2157 1772 2190 excommunicationem
1783 2158 1885 2190 latam
1898 2157 2065 2190 aduersus
2080 2167 2151 2195 eos,
2167 2156 2228 2200 qui
2256 2147 2263 2155 ἧ
2279 2174 2291 2197 1.-

386 2211 399 2226 ‘⁴
413 2210 590 2243 moriendo
613 2220 700 2242 uoce
724 2220 848 2253 magna
872 2209 1036 2242 clamauit
1057 2209 1091 2241 in
1108 2220 1223 2249 cruce,
1288 2210 1328 2244 35
1383 2209 1585 2244 sarracenis
1608 2221 1712 2250 arma,
1744 2211 1885 2248 sermm,
1915 2210 2104 2254 lignamina
2125 2209 2228 2243 defe—
2279 2231 2294 2234 Α

385 2263 526 2296 “factus
556 2264 724 2296 obediens
759 2263 834 2296 Deo
869 2263 959 2306 patri
995 2264 1039 2296 ad
1076 2269 1222 2296 mortem
1383 2269 1461 2296 runt
1484 2263 1671 2307 galearum,
1701 2264 1828 2308 quique
1851 2274 1929 2297 cum
1955 2263 2123 2308 pyraticis
2145 2262 2226 2296 Sar·-
2275 2251 2296 2274 ⁵

381 2317 396 2330 “
411 2316 524 2348 crucis
547 2317 699 2348 clamans
723 2321 760 2348 ut
791 2327 853 2349 nos
884 2316 928 2349 ab
955 2322 1073 2348 eterne
1105 2316 1224 2349 mortis
1384 2327 1584 2350 racenorum
1627 2317 1772 2350 nauibus
1809 2327 1927 2350 curam
1967 2316 2226 2361 gubernationis
2278 2317 2286 2357 γ’

383 2370 397 2386 “
412 2368 562 2410 eriperet
585 2369 739 2401 cruciatu
762 2369 821 2412 qui
844 2370 971 2402 clamat
987 2369 1089 2402 etiam
1106 2370 1219 2412 ipsum
1385 2375 1561 2409 exercent,
1576 2370 1774 2413 precipiens
1796 2369 1996 2404 huiusmodi
2019 2370 2224 2403 sententiam
2275 2367 2283 2412 j

387 2423 401 2439 ‘⁴
414 2428 449 2454 et
472 2422 572 2454 dicit:
590 2421 633 2454 Sa·
644 2423 718 2464 quis
733 2422 804 2454 uult
819 2425 896 2465 post
910 2434 962 2454 me
978 2423 1103 2465 uenire,
1119 2423 1221 2454 abne·
1384 2434 1448 2466 per
1461 2434 1581 2457 omnes
1595 2424 1699 2457 urbes
1713 2424 1899 2456 maritimas
1914 2423 2085 2466 publicari
2106 2422 2227 2456 diebus

384 2477 398 2492 “
411 2480 477 2518 get
497 2476 708 2518 semetipsum
732 2481 766 2507 et
788 2475 884 2508 tollat
905 2486 1037 2508 crucem
1068 2487 1163 2508 suam
1191 2481 1228 2509 et
1290 2477 1331 2509 40
1386 2477 1568 2510 dominicis
1591 2483 1625 2510 et
1648 2477 1792 2511 festinis.

469 2569 492 2594 6.
516 2577 621 2594 cessare
640 2571 775 2602 ceperunt
793 2570 893 2596 Mmsx
908 2584 940 2588 —
955 2570 997 2604 36.
1012 2571 1144 2595 obidiens
1159 2572 1218 2596 Cod
1468 2578 1511 2604 23.
1524 2570 1659 2596 MCCXII
1670 2579 1764 2596 mense
1772 2571 1852 2604 Junil
1865 2571 1941 2596 Uol-1.
1956 2585 1988 2590 —
2000 2572 2126 2603 27.terre
2135 2572 2226 2597 eidem
2279 2562 2288 2602 ιζ

1386 2614 1463 2639 Ucu.
1482 2628 1514 2632 —-
1534 2621 1576 2646 32·
1596 2621 1658 2638 cum
1680 2614 1751 2646 ipsis
1769 2613 1844 2638 Uen.
1865 2627 1897 2631 -
1917 2612 1959 2643 36.
1978 2613 2073 2645 pyrati
2095 2613 2194 2639 Puni-z
2212 2622 2226 2638 e
2276 2616 2290 2636 ἀ

1387 2655 1482 2681 Gum.

470 2786 478 2801 ¹
497 2787 607 2812 L'anno
629 2787 674 2813 16⁰
699 2789 743 2813 del
770 2789 940 2822 pontificato
965 2788 1155 2815 d’Innocenzo
1182 2790 1223 2814 111
1243 2792 1269 2814 cl
1323 2791 1383 2822 tiis,
1406 2789 1481 2823 1778,
1500 2790 1588 2822 XXII,
1607 2789 1736 2822 960·9⁶²·

383 2831 466 2862 porta
485 2830 511 2854 al
536 2837 609 2862 1213,
631 2830 662 2855 18
682 2833 807 2863 maggio.
844 2829 952 2860 Questa
970 2832 1095 2864 epistola
1114 2833 1144 2856 di
1163 2839 1270 2857 convo·
1415 2832 1425 2848 ²
1444 2833 1468 2858 Il
1492 2833 1651 2858 Pom-nim·
1676 2833 1815 2865 l’assegna
1841 2832 1866 2856 al
1895 2831 1976 2864 16-30
1999 2834 2108 2866 giugno
2135 2838 2219 2865 12123

384 2872 503 2896 cazione
521 2872 565 2896 del
585 2872 720 2898 Concilio
740 2872 754 2898 'e
767 2874 898 2898 indicata
913 2874 959 2898 dal
973 2873 1135 2904 ΡοττΗΑετ,
1150 2882 1178 2899 n.
1191 2873 1270 2907 4706,
1325 2875 1362 2900 cf.
1381 2875 1546 2907 INGUANEz,
1568 2879 1609 2906 op.
1629 2876 1682 2907 cit„
1704 2883 1729 2907 p.
1750 2882 1809 2908 419.

385 2915 411 2938 al
432 2921 463 2946 19
482 2922 541 2947 apr.
561 2915 643 2946 (xu1·
661 2916 717 2940 kal.
738 2916 814 2946 mai).
853 2915 923 2940 Allo
942 2917 1031 2940 stesso
1057 2924 1133 2941 anno
1158 2925 1173 2941 e
1199 2924 1272 2941 mese
1414 2916 1424 2933 ³
1443 2917 1485 2942 La
1511 2918 1743 2951 proclamazlone
1765 2917 1794 2941 di
1819 2916 1955 2941 Federico
1981 2917 2007 2942 11
2031 2917 2062 2941 ln
2089 2916 2218 2942 “Roma-
2286 2943 2287 2946 ,

384 2957 411 2980 la
431 2958 580 2988 riportano
599 2965 667 2989 pure
693 2959 825 2988 ΒὸΗΜΕκ,
850 2966 877 2983 n.
902 2958 981 2990 6140.
1021 2958 1065 2983 Cf.
1092 2960 1199 2990 MANSI,
1222 2960 1271 2984 Sa·
1330 2959 1453 2984 “norum
1481 2961 1635 2992 imperator
1654 2960 1784 2992 electus„
1807 2959 1835 2983 su
1856 2959 1928 2984 satta
1952 2959 2008 2983 “ln
2029 2959 2120 2984 nobssi
2141 2958 2219 2984 civi·
2272 2962 2284 2990 ζ

384 3007 486 3023 crorum
507 3000 682 3024 Conciliorum
702 3009 769 3025 nova
790 3005 816 3025 et
841 3001 1006 3033 amplissima
1031 3002 1161 3032 collectio,
1180 3001 1270 3026 Vene-
1330 3001 1412 3026 “tate
1433 3002 1568 3034 Basuea„
1591 3003 1612 3026 11
1633 3001 1667 3026 26
1686 3003 1750 3026 sett.
1772 3007 1853 3031 1212}
1874 3002 1911 3026 cf.
1930 3001 2068 3031 Bfinmun,
2089 3009 2115 3026 n.
2134 3000 2194 3032 671.
2272 2993 2276 3000 ’
