2320 3444
123 219 198 244 Mun„
209 225 242 242 ec.
257 220 331 245 99899
365 209 434 245 122

449 343 463 358 “
477 342 600 373 Datum
616 341 735 383 Fogie‚
753 340 843 372 xxx-⁰
858 339 945 372 Maii
963 344 1057 372 xm.e
1080 340 1194 372 indic-

365 397 379 413 “
393 396 494 428 tionis
507 419 537 434 „.

443 447 569 480 Prelati
594 458 723 485 omnes,
746 447 814 479 hoc
845 446 1006 480 mandato
1038 454 1194 490 recepto,

355 513 390 535 se
414 502 616 544 quantocius
646 501 690 533 ad
716 501 964 543 Imperatorem
999 502 1093 543 apud
1127 500 1195 533 Fo-

354 556 444 597 giam
469 555 698 592 contulerunt,
721 564 806 597 quos
825 554 918 587 idem
935 555 1126 596 Imperator
1141 564 1194 586 se-

355 619 431 640 cum
456 619 519 649 per
541 614 648 640 totum
672 608 748 639 fere
778 618 926 640 mensem
951 607 1035 639 licet
1065 607 1194 640 inuitos

353 661 510 698 detinuit,
535 661 646 693 donec
681 671 743 702 per
780 660 893 692 dictos
927 671 1045 704 regem
1069 666 1105 692 et
1135 671 1195 702 pa-

353 714 539 746 triarcham
577 714 885 747 Ierosolimitanum
928 714 992 746 sibi
1033 713 1193 752 innotuit,

354 767 446 810 quod
479 767 664 810 benignum
695 778 799 809 super
830 767 896 799 hiis
926 768 971 799 ad
1002 777 1069 810 que
1101 767 1193 799 missi

353 822 492 853 fuerant
514 832 535 852 a
557 821 639 853 sede
670 821 867 863 apostolica
897 821 1116 863 accepissent
1139 831 1192 852 re-

352 884 527 916 sponsum.
575 873 710 912 Quibus
738 874 964 907 redeuntibus
987 874 1063 916 ipse
1080 874 1194 916 Impe-

352 934 446 959 rator
469 938 546 960 cum
568 928 617 959 eis
634 927 677 960 de
694 927 822 970 Apulia
845 928 941 960 uenit
964 928 1011 960 ad
1026 928 1192 960 Sanctum

353 981 561 1013 Germanum
584 981 659 1012 xx.⁰
683 981 772 1020 Iulii,
797 987 830 1013 et
854 981 902 1013 ibi
926 981 971 1013 ad
995 991 1070 1013 eum
1087 991 1191 1013 uene-

350 1041 429 1065 runt
452 1034 612 1066 dominus
634 1034 798 1077 Pelagius
829 1034 1036 1067 Albanensis
1059 1034 1193 1076 episco-

351 1098 414 1129 pus
436 1093 470 1119 et
492 1087 649 1119 dominus
673 1087 784 1120 Gualo
807 1087 980 1130 presbiter
1007 1087 1194 1120 cardinalis

351 1152 394 1173 ex
413 1146 513 1183 parte
537 1141 668 1174 domini
692 1152 783 1184 pape
808 1141 914 1185 legati
931 1152 1007 1173 cum
1033 1141 1194 1182 capitulis

350 1195 426 1227 istis
449 1205 516 1236 que
546 1205 689 1226 romana
720 1195 872 1228 ecclesia
903 1194 946 1227 ab
979 1195 1192 1237 Imperatore

351 1248 501 1290 postulat
516 1248 702 1281 obseruari.
748 1249 926 1281 Uidelicet
942 1248 1036 1291 quod
1052 1258 1192 1290 proces-

351 1311 407 1333 sus
430 1301 566 1333 consilii
601 1302 820 1344 particularis
849 1303 963 1334 factus
994 1302 1030 1333 in
1061 1301 1193 1334 Sancto

350 1354 523 1387 Germano
546 1355 582 1386 in
607 1355 697 1387 festo
713 1355 824 1387 sancti
858 1355 978 1387 Iacobi
993 1354 1015 1393 ¹,
1040 1355 1193 1397 Impera-

350 1413 404 1440 tor
429 1407 590 1440 transibit
613 1408 656 1440 ab
680 1409 821 1441 instanti
853 1407 1011 1451 Augusto
1035 1409 1081 1441 ad
1105 1409 1193 1441 duos

350 1471 457 1493 annos
488 1462 532 1494 ad
563 1461 751 1494 subsidium
783 1462 894 1494 Terre
926 1468 1046 1495 sancte
1072 1467 1107 1494 et
1130 1473 1194 1504 per

350 1515 527 1547 biennium
550 1515 683 1547 tenebit
699 1515 748 1548 ibi
764 1515 851 1548 milli
870 1516 996 1549 milites
1012 1516 1058 1548 ad
1081 1516 1192 1548 serui-

350 1568 434 1600 tium
459 1579 572 1610 suum;
597 1568 644 1601 ita
668 1568 761 1611 quod
785 1570 813 1601 si
837 1569 960 1611 aliquis
977 1570 1021 1601 de
1037 1570 1114 1611 ipso
1130 1580 1194 1602 nu-

349 1632 444 1654 mero
468 1628 594 1654 statuto
630 1629 784 1665 tempore
818 1623 940 1656 deesse
973 1623 1194 1666 contingerit,

350 1686 382 1707 L.
406 1676 534 1708 marcis
557 1686 620 1718 per
643 1687 768 1709 annum
788 1677 951 1710 defectus
967 1677 1087 1709 militis
1101 1676 1194 1709 redi-

349 1735 469 1762 metur.
517 1722 707 1762 Pecuniam
731 1731 833 1763 huius
855 1731 1098 1773 redemptione
1121 1731 1195 1764 col-

351 1783 474 1816 lectam
490 1784 691 1826 Imperator,
716 1785 743 1817 si
767 1784 816 1817 ibi
840 1785 956 1823 fuerit,
973 1785 1018 1817 ad
1042 1785 1195 1817 testimo-

349 1836 443 1868 nium
468 1843 503 1868 et
526 1838 712 1869 consilium
739 1839 832 1882 regis
862 1839 1129 1871 Ierosolimitani
1160 1845 1195 1871 et

349 1890 545 1933 patriarche
569 1902 611 1923 ac
642 1892 798 1935 magistri
830 1893 952 1925 domus
983 1892 1196 1926 Alamanno-

349 1956 424 1977 rum
441 1951 474 1978 et
489 1946 634 1978 aliorum
651 1946 838 1988 proborum
862 1947 1040 1980 hominum
1064 1948 1108 1980 de
1126 1952 1194 1979 ter-

349 2010 399 2037 ra,
422 1999 471 2031 ibi
494 2000 538 2032 ad
562 2000 741 2032 seruitium
765 2001 845 2033 Iesu
867 2001 998 2034 Christi
1021 2000 1196 2043 expendet

350 2052 384 2083 in
407 2062 488 2084 usus
504 2054 641 2086 eosdem
666 2054 723 2086 uel
746 2054 834 2087 alios
856 2054 917 2087 ubi
940 2065 999 2087 eos
1022 2055 1130 2099 magis
1144 2054 1194 2086 ui-

350 2103 454 2138 deant
477 2107 653 2148 expedire.

439 2159 519 2202 Qui,
543 2160 570 2191 si
588 2171 669 2192 casu
686 2161 802 2204 aliquo
819 2161 1068 2204 Imperatorem
1082 2162 1193 2205 ipsum

350 2212 519 2244 acciderit
541 2219 625 2246 tunc
656 2213 790 2252 abesse,
822 2221 1013 2248 memorata
1043 2215 1195 2258 pecunia

350 2265 386 2295 in
408 2266 644 2306 predictorum
669 2268 771 2311 regis,
796 2268 994 2310 patriarche
1021 2279 1063 2301 ac
1086 2269 1193 2311 magi-

351 2318 411 2350 stri
436 2320 558 2351 domus
593 2320 864 2353 Alamannorum
900 2322 1105 2364 deponetur,
1132 2332 1195 2364 per

350 2372 444 2413 ipsos
461 2372 497 2403 in
514 2373 625 2405 Terre
642 2380 761 2405 sancte
786 2374 928 2407 seruitio
952 2375 1193 2418 expendenda.

433 2515 458 2540 6.
471 2517 589 2541 innotos
601 2525 650 2541 non
661 2517 772 2542 invitos
785 2519 846 2542 Cod.
859 2532 891 2535 —
906 2526 945 2550 14.
956 2518 1086 2544 Albanus
1098 2519 1194 2546 GAun.

352 2573 383 2578 ·-
404 2566 444 2593 37.
473 2562 510 2585 im
536 2570 584 2585 non
611 2563 639 2586 in
667 2563 729 2586 Cod.
749 2576 781 2580 —
801 2562 843 2595 38.
863 2563 1040 2595 deponentur
1059 2565 1194 2596 ‹liprima

351 2614 426 2630 mano
449 2607 510 2630 Cod.

446 2707 453 2723 ¹
474 2709 507 2732 V.
527 2717 553 2740 p.
578 2716 635 2739 121,
658 2717 684 2733 n.
703 2717 727 2741 3.

445 2750 485 2774 La
507 2751 608 2776 lettera
633 2751 710 2776 colla
734 2753 816 2784 quale
842 2753 956 2777 Onorio
976 2753 1016 2777 111
1036 2754 1202 2779 eoncedette
1222 2754 1250 2778 la

359 2800 453 2816 nuova
473 2793 613 2817 dilazione
634 2794 665 2818 fu
690 2794 756 2818 data
781 2802 798 2819 a
822 2794 899 2819 Rieti
926 2795 948 2819 il
976 2795 1007 2820 18
1032 2795 1066 2824 V,
1095 2802 1170 2829 ¹²²5·
1207 2796 1250 2821 Ne

359 2833 462 2857 surono
495 2834 579 2858 latori
615 2833 830 2860 “venerabilem
860 2835 1248 2868 P[elagium]A1banensem

358 2874 545 2907 “episcopum
565 2877 591 2900 et
612 2876 746 2901 dilectum
766 2877 856 2901 filium
876 2876 1023 2909 G[ua1am]
1050 2879 1134 2903 tituli
1156 2881 1247 2904 sancti

361 2914 372 2927 ‘⁴
386 2915 502 2940 Martini
523 2917 714 2948 presbyterum
735 2919 908 2943 cardinalem
922 2927 952 2950 „3
972 2920 982 2943 i
1001 2921 1078 2951 quali
1104 2923 1249 2952 potevano

301 2965 331 2982 10
358 2958 486 2982 stabilire
505 2959 530 2982 le
551 2966 643 2983 nuove
660 2960 834 2992 condiffloni,
849 2962 963 2994 giurate
976 2963 1011 2986 da
1024 2962 1161 2987 Federieo
1182 2963 1206 2988 11
1226 2964 1247 2988 il

359 3003 390 3029 25
411 2999 461 3023 VII
480 3000 509 3024 in
530 3000 585 3025 San
606 3000 763 3032 German03
783 3003 819 3028 cs.
841 3003 1031 3035 Romanusne,
1043 3004 1065 3034 1,
1079 3012 1125 3038 pp.
1143 3005 1248 3039 198-99.

316 2753 329 2778 5

808 208 1097 243 RYCCARDI
1125 208 1198 243 DE
1226 208 1446 244 SANCTO
1477 206 1753 243 GERMANO

1261 820 1298 851 10

1259 1086 1296 1118 15

1256 1355 1298 1386 20

1256 1621 1297 1654 25

1259 1890 1301 1922 30

1258 2157 1298 2190 35

2028 212 2080 248 [Α.
2102 213 2194 248 1225]

1353 404 1415 436 per
1438 399 1544 426 totum
1576 394 1738 436 Regnum
1769 393 1927 436 exigitur,
1950 399 1985 426 et
2002 398 2087 426 tunc
2115 393 2196 427 loco
2212 394 2269 444 fg,

1352 447 1459 478 mutui
1483 447 1631 479 collecte
1647 452 1726 478 sunt
1742 447 1786 479 de
1803 452 1895 479 terra
1910 446 2109 479 monasterii
2132 446 2194 479 Ca·
2199 478 2212 494 ε
2240 483 2243 487 Δ

1352 499 1495 532 sinensis
1525 499 1630 532 uncie
1660 509 1764 533 mccc.
1795 509 1859 542 per
1881 498 2020 532 Petrum
2050 499 2196 533 domini-
2236 510 2237 513 ¹

1352 563 1443 584 mum
1467 552 1573 585 Ebuli
1597 559 1633 585 et
1663 553 1859 596 Nycolaum
1890 553 1934 586 de
1959 552 2091 592 Cicala‚
2113 559 2198 589 tune

1351 607 1551 639 iustitiarios
1574 607 1686 640 Terre
1711 603 1870 640 Laboris.

1439 659 1560 692 Mense
1578 660 1795 702 Septembris
1817 660 1974 694 marchio
1997 660 2198 694 Montinrer-

1351 714 1417 745 rati
1434 713 1467 744 in
1492 714 1666 746 Romania
1688 714 1835 746 naturali
1859 720 1969 747 morte
1986 712 2200 757 defungitur.

1440 766 1571 799 Eodem
1608 778 1726 800 mense
1754 768 1905 811 quinque
1935 767 2141 801 uacantibus
2163 766 2199 799 in
2251 803 2253 806 Α

1352 820 1478 864 Regno
1494 820 1662 859 ecclesiis,
1675 821 1828 864 quinque
1845 822 2004 855 dominus
2019 831 2112 864 papa
2125 820 2200 854 Ho-

1352 873 1468 906 norius
1505 874 1657 916 prefecit
1693 880 1788 907 motu
1824 874 1966 918 proprie
2002 873 2200 913 uoluntatis.
2255 868 2265 885 ³
2319 883 2320 888 ’

1351 927 1461 960 inscio
1486 932 1521 959 et
1549 927 1746 971 irrequisito
1777 928 2003 970 Imperatore,
2033 926 2200 961 uidelicet
2253 929 2270 963 J,

1352 981 1525 1023 quendam
1549 981 1756 1013 Casinenses
1777 983 1984 1015 monachum
1999 981 2200 1021 Iohannem,

1353 1041 1587 1079 cognomento
1610 1037 1654 1069 de
1671 1036 1802 1070 Sancto
1818 1036 2035 1074 Liberatore‚
2050 1033 2200 1068 ecclesie

1350 1088 1461 1122 sancti
1475 1089 1653 1122 Vincentii
1665 1090 1711 1122 de
1724 1090 1918 1126 Vulturno;
1933 1087 2095 1122 Consane
2106 1086 2201 1131 prio·
2256 1087 2272 1099 '⁴

1350 1153 1422 1174 rem
1440 1143 1624 1185 quemdam
1640 1148 1760 1175 sancte
1776 1143 1890 1176 Marie
1912 1152 2004 1175 noue
2020 1142 2066 1175 de
2082 1140 2198 1180 Urbe3

1350 1195 1568 1228 Salernitane
1599 1197 1628 1229 F
1629 1203 1887 1239 amagustanum
1919 1195 2094 1240 quondam
2125 1194 2200 1239 epi-

1351 1259 1510 1291 scopum:
1534 1248 1712 1283 Auersane
1737 1256 1915 1283 cantorem
1938 1248 2200 1287 Amalfitaunm,

1351 1308 1385 1334 et
1397 1303 1562 1344 Capuane
1575 1303 1780 1336 Pactensem
1791 1304 1968 1346 quondam
1980 1303 2199 1346 episcopum

1351 1366 1438 1398 quos
1460 1361 1624 1399 tanquam
1646 1357 1682 1388 in
1698 1367 1796 1389 suum
1813 1356 2046 1399 preiudicium
2061 1365 2202 1398 promo-

1351 1416 1415 1448 tos,
1438 1410 1550 1453 recipi
1574 1411 1764 1452 Imperator
1787 1410 1823 1442 in
1841 1410 1927 1453 ipsis
1950 1409 2110 1442 ecclesiis
2131 1417 2202 1441 non

1353 1464 1520 1506 permisit.
1569 1464 1715 1496 Euntem
1739 1464 1843 1496 etiam
1867 1464 1905 1497 in
1931 1462 2091 1496 Siciliam
2118 1467 2202 1495 tunc

1353 1517 1399 1549 ad
1415 1527 1492 1549 eum
1510 1527 1587 1549 cum
1604 1517 1725 1550 litteris
1739 1517 1940 1559 apostolicis
1950 1515 2123 1559 quendam
2134 1514 2202 1549 ca-

1352 1571 1525 1603 sinensem
1560 1570 1767 1603 monachum
1800 1571 1995 1615 Nycolaum
2026 1569 2071 1604 de
2101 1569 2203 1603 Colle

1353 1623 1461 1661 Petn‘,
1498 1623 1535 1656 in
1574 1624 1735 1657 abbatem
1779 1623 1901 1657 Sancti
1937 1622 2116 1656 Laurentii
2153 1620 2201 1656 de
2253 1660 2258 1663 ¹

1353 1676 1488 1710 Auersa
1510 1683 1705 1720 promotum
1728 1687 1800 1710 non
1821 1677 1971 1710 admisit.

1440 1731 1562 1765 Mense
1582 1732 1789 1765 Novembris
1805 1732 1999 1774 Imperator
2013 1729 2091 1772 ipse
2104 1729 2199 1772 apud
2223 1738 2234 1759 ’.

1353 1786 1586 1818 Brundusium
1617 1785 1819 1818 Ysabellam
1851 1785 1957 1818 filiam
1987 1782 2077 1816 dicti
2105 1781 2200 1827 regis
2271 1791 2279 1825 g

1354 1838 1644 1872 lherosolimitani
1666 1839 1848 1881 magnifice
1878 1837 2112 1881 desponsauit.

1441 1891 1688 1934 Inquisitiones
1711 1892 1754 1924 de
1777 1892 1874 1924 facto
1897 1891 2007 1923 mutui
2030 1890 2118 1924 flunt
2139 1898 2202 1932 per

1354 1951 1480 1978 terram
1503 1945 1711 1978 monasterii.

1443 1999 1517 2031 Pax
1540 1998 1728 2031 reformata
1749 2004 1801 2032 est
1824 1999 1861 2030 in
1890 1998 1998 2038 Urbe,
2027 1996 2202 2033 senatoris
2252 2027 2266 2033 ,

1355 2053 1514 2096 dignitati
1537 2053 1686 2086 cedente
1717 2053 1892 2091 Parentio,
1923 2057 1958 2084 et
1987 2049 2126 2095 Angelo
2156 2049 2202 2082 de

1354 2107 1560 2139 Benencasa
1582 2105 1766 2138 substituto
1790 2106 1915 2139 eidem.

1442 2159 1586 2192 Denarii
1609 2160 1691 2192 noui
1715 2159 1773 2203 qui
1795 2159 1993 2202 imperiales
2021 2157 2234 2192 uocantur.⁵'
2250 2163 2283 2204 ij

1354 2213 1528 2246 cuduntur
1551 2212 1746 2251 Brundusii,
1769 2218 1805 2245 et
1819 2218 1954 2245 ueteres
1970 2210 2095 2244 cassati
2108 2215 2198 2243 sunt
2213 2213 2239 2243 ’.
2260 2209 2278 2251 .j·

1442 2267 1635 2309 Imperator
1650 2266 1744 2309 apud
1759 2266 1900 2298 Troiam
1916 2264 2065 2299 natalem
2079 2262 2199 2297 Domi·

1354 2321 1391 2353 ni
1416 2320 1581 2353 celebrat.

1442 2373 1662 2407 Coloniensis
1683 2372 1993 2416 archiepiscopus
1984 2382 2020 2404 in
2036 2369 2201 2404 Alaman-
2253 2369 2265 2375 ”

1443 2518 1467 2544 6.
1486 2518 1678 2544 iustitiarium
1701 2519 1787 2550 Ueia,
1805 2518 1868 2543 Dat
1885 2518 1931 2543 Ra
1955 2531 1988 2535 —
2013 2517 2038 2542 8.
2063 2516 2200 2542 defunctu.

1356 2562 1440 2594 Uen„
1460 2563 1524 2587 DEL
1543 2563 1586 2588 Ru

1304 2710 1389 2735 Nello
1402 2712 1493 2735 stesso
1508 2717 1580 2734 mese
1594 2710 1624 2734 dl
1638 2710 1731 2743 lugllo
1744 2710 1935 2742 l’imperatore
1948 2707 2098 2734 comunlco
2111 2707 2125 2722 ⁴¹
2136 2709 2199 2733 unl-

1306 2752 1320 2765 α
1331 2753 1420 2776 versis
1431 2770 1444 2783 η
1461 2752 1556 2776 d'aver
1570 2752 1800 2784 personalmente
1813 2753 1937 2783 glurato,
1953 2759 2003 2783 per
2016 2752 2063 2775 via
2081 2751 2113 2775 dt
2130 2750 2199 2775 Rat-

1305 2794 1393 2819 naldo
1413 2795 1485 2819 duca
1505 2795 1535 2819 di
1554 2794 1682 2827 Spoleto,
1702 2795 1751 2819 che
1770 2794 1799 2818 di
1819 2793 1841 2818 n
1861 2801 1877 2818 a
1903 2794 1956 2818 due
1981 2794 2061 2824 anni,
2086 2792 2199 2826 nell’ng.

1306 2843 1382 2870 1227,
1397 2837 1512 2862 sarebbe
1525 2837 1634 2870 partito
1648 2836 1799 2861 senz'altro
1818 2843 1867 2868 per
1882 2837 2060 2865 Terrasanta.
2079 2835 2200 2860 avrebbe

1303 2881 1405 2904 tenuto
1424 2886 1473 2912 per
1492 2880 1546 2904 due
1565 2881 1633 2904 anni
1659 2886 1727 2904 1000
1745 2878 1883 2903 cavallerl
1907 2885 1922 2902 e
1941 2879 2105 2911 depositato
2124 2877 2199 2902 nelle

1303 2922 1379 2946 mani
1400 2922 1443 2946 del
1465 2923 1611 2955 patriarca
1629 2922 1658 2946 di
1677 2921 1888 2946 Gerusalemme
1907 2928 1921 2945 e
1941 2921 1985 2945 dcl
2004 2921 2130 2945 Maestro
2151 2920 2199 2944 del

1301 2964 1449 2989 Cavalierl
1474 2964 1638 2996 Teutonici,
1665 2964 1812 2988 Ermanno
1837 2963 1867 2988 di
1892 2963 1976 2993 Saltz,
1999 2969 2112 2988 100.ooo
2130 2969 2198 2987 onze

1302 3007 1398 3037 d'oro3
1419 3007 1455 3031 cf.
1474 3008 1517 3032 M.
1542 3008 1572 3032 G.
1594 3007 1631 3033 H.
1651 3007 1718 3038 LL„
1738 3005 1773 3036 11,
1791 3013 1817 3038 p.
1839 3011 1899 3037 255.

2228 2832 2270 2867 rs]
