2320 3444
1293 138 1305 162 k
1365 154 1372 158 ,

850 208 1141 246 RYCCARDI
1168 207 1242 243 DE
1270 206 1491 244 SANCTO
1522 206 1800 244 GERMANO

398 284 2239 294 .....................................................................................................................................................................................................

486 343 665 385 >Tempore
689 352 756 385 quo
779 352 842 374 rex
863 341 923 373 ille
947 339 1260 379 christianissimus,
1283 340 1340 373 cui
1363 341 1478 373 nullus
1500 340 1536 373 in
1560 340 1644 374 orbe
1668 341 1842 374 secundus
1855 339 1877 379 ¹,
1892 341 1993 385 regni
2008 340 2110 374 huius
2124 340 2245 374 mode·
2287 371 2289 375 ,

398 397 538 430 rabatur
560 397 723 435 habenas,
748 396 807 439 qni
830 396 922 427 inter
945 405 1064 427 omnes
1086 395 1267 437 principes
1290 394 1458 438 Princeps
1480 394 1633 428 sublimis
1657 400 1692 427 et
1713 394 1921 428 habundans
1942 395 1978 428 in
1995 394 2154 428 omnibus
2170 394 2246 438 opi·

398 451 463 484 bus
487 456 570 488 erat,
594 450 700 492 stirpe
724 448 849 490 clarus,
873 449 1013 481 fortuna
1045 448 1187 492 elegans
1199 447 1222 487 ²,
1252 448 1379 481 uirtute
1410 454 1545 491 potens,
1576 459 1679 481 sensu
1711 448 1858 490 pollens,
1890 448 2021 481 diuitiis
2051 448 2247 492 opulentus.
2310 476 2313 494 3

400 505 485 537 Erat
506 504 569 536 flos
590 513 722 546 regum,
746 512 879 535 corona
901 501 1109 544 principum,
1133 502 1308 541 Quiritum
1333 502 1536 544 [speculum,
1559 501 1727 535 nobilium
1751 501 1870 541 decus,
1893 502 2082 535 amicorum
2106 501 2246 541 fiducia,
2285 515 2289 521 2

400 557 548 590 hostium
571 563 693 596 terror,
716 555 837 598 populi
859 555 931 587 uita
953 561 989 587 et
1010 554 1144 593 uirtus‚'
1167 555 1373 588 miserorum
1394 555 1537 598 inopum
1560 555 1859 599 peregrinantium
1882 555 1985 595 salus,
2016 553 2247 602 laborantium

398 611 583 644 fortitudo:
609 609 695 652 legis
717 614 753 641 et
775 608 917 650 iustitie]
941 607 1052 641 cultus
1073 613 1230 651 tempore
1254 619 1315 642 suo
1339 608 1489 652 vigebat,
1512 609 1548 641 in
1571 618 1679 653 regno
1702 619 1764 641 sua
1788 614 1862 640 erat
1884 608 2033 652 quilibet
2055 614 2146 642 sorte
2161 618 2246 643 con-

399 670 530 701 tentus3
554 663 683 706 ubique
707 673 787 705 pax,
810 662 939 704 ubique
963 662 1142 700 securitas,
1164 673 1230 695 nec
1252 663 1426 695 latronum
1449 661 1625 695 metuebat
1639 663 1752 696 uiator
1768 661 1923 701 insidias,
1939 672 2006 695 nec
2022 662 2128 695 maris
2141 669 2247 696 nauta
2280 667 2281 670 ’

402 716 618 749 offendicula
640 721 851 759 pyratarum.
899 715 970 747 Sed
993 714 1077 748 licet
1101 721 1152 748 tot
1174 721 1208 748 et
1230 716 1335 749 tantis
1365 726 1444 748 eum
1476 715 1642 749 ditauerit
1672 721 1706 748 et
1729 715 1902 748 dotauerit
1924 714 2035 755 bonis,
2058 725 2122 758 per
2143 725 2245 759 quem
2278 731 2283 756 3-

401 780 502 813 reges
525 775 670 813 regnant
683 769 694 786 ³
719 774 754 801 et
777 768 953 811 principes
968 767 1199 807 dominantur,
1216 769 1415 812 feceritque
1430 769 1527 801 illum
1542 779 1605 812 pre
1622 769 1755 802 cunctis
1771 775 1863 801 terre
1887 768 2026 812 regibus
2047 768 2247 813 gloriosum,
2277 799 2278 802 ,

401 824 437 856 in
461 824 527 855 hoc
552 829 666 855 tamen
688 822 942 866 inglori[os]um
965 822 1064 854 illum
1089 822 1254 861 reddidit,
1279 823 1375 866 quod
1406 833 1485 855 eum
1516 822 1625 865 prolis
1657 822 1840 866 negatione
1870 821 2042 860 multauit;
2074 821 2247 856 conclusit
2281 815 2289 829 ³

400 877 491 910 enim
514 883 648 909 uterum
665 875 835 908 consortis
848 875 950 914 illius,
965 882 1003 908 ut
1019 886 1089 909 non
1104 882 1244 918 pareret
1258 876 1316 908 uel
1332 876 1537 919 conciperet
1553 876 1658 908 filium
1674 882 1710 909 et
1725 885 1770 907 ne
1787 875 2001 919 relinqueret
2016 875 2067 909 sui
2082 876 2247 919 supersti-
2283 909 2288 922 ³

404 938 473 963 tem
496 941 600 973 super
623 935 762 963 terram.
809 930 1035 972 Quapropter
1057 930 1282 963 considerans
1303 940 1367 964 rex
1389 930 1463 973 ipse
1486 930 1667 963 felicitatis
1689 941 1749 963 sue
1774 936 1929 973 tempora
1951 941 1973 962 a
1988 929 2130 964 domino
2145 939 2249 964 acce·
2282 927 2284 966 s

403 985 505 1028 pisse,
530 990 564 1016 et
586 984 681 1026 quod
704 995 782 1016 eum
807 983 937 1026 absque
961 983 1081 1016 liberis
1104 993 1179 1016 sors
1201 983 1336 1016 fecerat
1358 983 1548 1023 infelicem,
1572 984 1740 1027 cogitauit
1762 989 1800 1016 ut
1822 983 1958 1026 sapiens
1980 983 2157 1026 sapienter
2171 984 2247 1027 pla·
2285 987 2289 1021 ζ

401 1048 480 1070 care
504 1037 700 1075 Dominum,
723 1043 761 1070 ut
784 1037 970 1069 fecundam
994 1036 1159 1070 redderet
1181 1047 1284 1080 quam
1308 1037 1460 1070 sterilem
1482 1037 1628 1075 fecerat,
1652 1037 1821 1080 cogitauit
1837 1037 1880 1069 de
1895 1037 2067 1070 thesauris
2087 1037 2160 1070 suis
2175 1035 2250 1070 edi·
2285 1051 2287 1054 ⁴

399 1091 503 1123 ficare
528 1090 594 1123 sibi
618 1091 759 1123 domum
782 1090 818 1122 in
841 1090 962 1123 Monte
985 1090 1112 1133 Regali
1137 1090 1182 1123 ad
1206 1091 1371 1123 honorem
1396 1090 1546 1134 gloriose
1563 1090 1718 1134 Uirginis
1735 1090 1853 1122 matris
1877 1089 1951 1123 eius
1962 1090 1985 1129 ⁴,
2002 1101 2106 1134 quam
2123 1090 2248 1125 ditauit
2284 1098 2290 1126 ἶ

402 1145 552 1187 compsit
574 1150 608 1176 et
632 1144 738 1176 auxit.
785 1143 918 1176 Ditauit
935 1143 1210 1186 possessionibus
1222 1144 1244 1182 ⁵,
1260 1143 1410 1186 compsit
1426 1143 1502 1175 auri
1518 1149 1642 1176 ornatu
1654 1147 1678 1183 ⁶,
1695 1144 1793 1176 auxit
1816 1149 1850 1175 et
1874 1143 2008 1176 musiuo
2030 1153 2138 1187 opere
2162 1142 2250 1187 lapi·
2281 1141 2288 1164 J

399 1199 551 1241 dumque
575 1197 803 1240 pretiosorum
827 1197 946 1230 colore
971 1198 1111 1230 diuerso
1134 1203 1169 1230 et
1191 1197 1293 1230 talem
1317 1198 1364 1230 ad
1386 1197 1491 1230 finem
1513 1207 1623 1240 usque
1640 1197 1815 1240 perduxit,
1831 1197 1969 1240 qualem
1990 1196 2104 1230 nullus
2127 1206 2247 1241 regum
2281 1201 2284 1203 ’

491 1314 516 1339 3.
535 1308 595 1331 erat
614 1306 740 1331 riscritta
760 1307 788 1330 la
807 1314 822 1330 e
841 1306 868 1330 in
886 1305 1032 1331 maiuscula
1051 1319 1060 1323 -
1080 1305 1186 1334 forma,
1206 1306 1234 1330 la
1254 1306 1355 1330 lez-ione
1373 1313 1423 1330 non
1443 1303 1457 1329 ὲ
1475 1305 1572 1330 dubbia
1592 1318 1625 1323 -—
1646 1310 1670 1336 7.
1689 1305 1808 1337 ubique;
1828 1302 1901 1338 uiq(.
1920 1318 1929 1323 -
1950 1306 2057 1331 nancto
2074 1317 2107 1330 -,-
2124 1311 2164 1331 11.
2177 1304 2249 1336 auu,
2280 1333 2282 1335 ¹

402 1350 524 1375 riscritto
541 1357 621 1374 senza
640 1349 835 1374 abbreviatum
855 1361 887 1367 —
909 1354 950 1379 17.
968 1348 1107 1381 produxit
1125 1349 1156 1373 P.
1195 1348 1228 1373 Si
1245 1351 1326 1373 trava
1351 1349 1401 1372 due
1421 1349 1496 1372 volte
1514 1348 1634 1379 qualem,
1649 1348 1673 1372 il
1678 1347 1779 1379 primo,
1792 1349 1865 1373 nella
1877 1349 1930 1378 fine
1943 1348 1990 1372 ciel
1999 1355 2025 1373 r.
2037 1354 2082 1379 15,
2095 1347 2129 1378 sn
2142 1350 2250 1379 :spumeo
2274 1375 2275 1378 ,
2314 1356 2318 1366 ¹

492 1438 500 1454 ¹
520 1439 645 1463 Ricorda
664 1437 902 1469 l’“1ntitulatio„
924 1438 969 1462 del
990 1446 1019 1462 re
1038 1437 1209 1466 Normanni,
1235 1445 1298 1470 spe-

404 1482 557 1506 clalmente
576 1481 670 1513 quella
690 1480 720 1505 di
745 1479 911 1512 Guglielmo
935 1481 965 1504 1:
990 1478 1126 1512 σιγίλλιον
1149 1481 1300 1514 γενόμενον

361 1535 374 1561 5
403 1522 541 1557 παρ’ἐμοῦ
560 1522 734 1557 γουλιάλμου
751 1522 803 1549 τού
821 1521 1025 1556 εὐσεβεστάτου
1043 1521 1092 1549 καὶ
1111 1521 1235 1557 μεγάλου
1248 1521 1300 1556 ὁη-

403 1565 466 1599 γός.
478 1585 485 1592 .
497 1586 503 1592 .
514 1585 520 1591 .
540 1567 687 1596 Bannmo,
707 1567 896 1592 Sicilianische
910 1566 1030 1595 Studien.
1044 1566 1078 1598 11,
1092 1565 1207 1598 Elbing.
1224 1565 1298 1598 1887,

404 1610 547 1642 Regesten,
563 1618 589 1634 n.
604 1616 669 1642 1343
684 1609 773 1639 CUSA,
787 1617 814 1642 p.
828 1608 888 1642 360.
925 1609 963 1633 Di
979 1608 1144 1642 Guglielmo
1155 1608 1183 1634 11
1196 1617 1299 1634 nessun

404 1653 534 1686 diploma
553 1653 684 1677 abbiamo
705 1653 734 1676 in
753 1659 846 1685 greco,
867 1651 935 1685 pero
949 1651 963 1677 ὲ
976 1652 1110 1677 notevole
1123 1652 1175 1677 che
1192 1653 1223 1677 in
1243 1659 1301 1677 una

399 1696 516 1728 giurida
536 1695 683 1720 rilasciata
702 1694 777 1720 dalla
795 1695 911 1720 Dabana
931 1696 963 1720 de
984 1695 1111 1725 Secretis,
1125 1695 1172 1720 nel
1185 1696 1302 1728 maggio

406 1738 472 1769 1178
486 1737 528 1771 (Β.
542 1737 606 1770 210)
619 1737 648 1762 di
663 1738 714 1769 lui,
727 1745 744 1762 a
763 1737 843 1762 detta
862 1737 1033 1762 dell'Amari
1051 1738 1157 1770 (Storia
1176 1737 1222 1762 dei
1242 1739 1303 1763 Mu-

402 1781 520 1805 salmam·
536 1781 567 1805 di
583 1780 690 1809 Sicilia,
708 1779 758 1809 111.
778 1785 845 1812 4503
863 1779 954 1810 Cvsn,
973 1787 1000 1812 p.
1015 1779 1086 1814 729),
1099 1781 1124 1805 sl
1138 1780 1219 1805 dica:
1234 1779 1248 1793 ⁰
1259 1787 1301 1805 ec.

405 1823 504 1848 “celsa
523 1821 630 1848 maesta
650 1830 773 1847 sovrana
797 1830 812 1848 e
830 1823 909 1856 regia
929 1823 960 1847 dl
979 1822 1146 1857 Guglielmo
1164 1822 1187 1848 ll
1204 1823 1303 1848 buono

406 1865 552 1891 “esaltato
571 1865 607 1890 da
625 1865 694 1895 Dio,
714 1866 790 1890 sorte
815 1865 892 1890 nella
918 1865 1019 1891 divina
1044 1873 1192 1899 possanza,
1209 1866 1304 1890 trIon-

405 1907 419 1921 “
431 1909 510 1933 sante
528 1915 577 1941 per
596 1907 676 1933 vlrtii
696 1908 727 1933 dl
744 1908 814 1938 Dlo‚
832 1915 941 1939 re....‚
966 1908 1146 1937 difendltore
1168 1908 1213 1933 del
1232 1915 1303 1942 pon-

345 1959 374 1986 ¹5
405 1950 508 1976 “tefice
527 1950 558 1975 dl
576 1951 668 1976 Roma
686 1958 701 1975 e
721 1950 798 1975 della
817 1950 882 1976 sede
900 1950 1049 1976 Cristiana
1061 1968 1085 1982 ,,.

345 1751 377 1769 10

491 1991 503 2009 ²
521 1993 567 2019 Cf.
586 1993 700 2018 Pin-Ro
719 1993 847 2024 n’Enou,
866 1994 951 2019 Liber
970 1995 1008 2019 ad
1030 1995 1153 2019 honorem
1170 1993 1309 2029 Augusti„

403 2037 494 2062 Roma
516 2035 592 2069 1906,
610 2037 653 2061 ed.
673 2035 709 2061 G.
736 2037 765 2061 Β.
784 2036 943 2068 simensis,
970 2036 1019 2061 Ist.
1044 2035 1121 2061 Stor.
1146 2036 1191 2066 1t.,
1215 2037 1302 2061 Fonti

404 2086 455 2111 per
475 2079 504 2103 lu.
523 2079 613 2103 storia
633 2078 747 2103 d'ltalia
768 2087 795 2103 n.
816 2086 858 2111 39,
879 2086 907 2111 p.
927 2084 953 2110 7,
973 2086 1002 2105 n.
1025 2086 1037 2104 1
1057 2085 1073 2104 e
1092 2085 1116 2104 2.

493 2119 504 2136 ⁸
525 2122 625 2146 Anche
646 2124 746 2154 questa
765 2119 779 2146 ὲ
799 2129 857 2147 una
876 2122 992 2148 dizione
1015 2122 1109 2148 molto
1135 2123 1205 2148 nota
1230 2122 1306 2147 nelle

407 2164 421 2178 “
431 2164 564 2196 Arenghe
575 2182 588 2196 η
610 2165 655 2189 dei
675 2164 811 2197 privilegi
833 2164 997 2190 Normanni
1011 2173 1026 2190 e
1038 2164 1136 2191 Svevi.
1146 2181 1154 2190 .
1165 2183 1171 2190 .
1193 2165 1206 2178 ¹⁴
1216 2165 1304 2190 eccle-

408 2207 421 2220 “
432 2207 489 2231 sias
509 2205 620 2232 Christi
640 2209 799 2240 protegere,
813 2206 965 2232 Christum
987 2208 1017 2232 in
1031 2207 1151 2232 ecclesia
1165 2208 1304 2239 venerari,

407 2248 420 2262 ¹‘
431 2250 525 2282 ipsum
545 2256 595 2282 per
612 2258 687 2282 quem
700 2258 782 2282 reges
796 2254 919 2282 regnant
930 2250 961 2274 in
975 2251 1081 2275 eisdem
1094 2250 1225 2275 ecclesiis
1239 2257 1306 2283 qua-

407 2290 420 2304 ⁸
432 2299 494 2316 rum
515 2293 575 2323 ipse
601 2293 686 2325 caput
710 2294 754 2318 est
772 2293 903 2317 venerari
916 2310 1011 2324 ......
1038 2292 1085 2319 Cf.
1102 2292 1137 2318 K.
1157 2293 1191 2318 A.
1211 2292 1305 2322 Kirna,

405 2335 461 2359 Die
484 2335 626 2360 Urkunden
640 2335 689 2359 der
701 2335 1070 2361 Normannisck—Siciliscken
1088 2336 1207 2368 Kb'm'ge.
1234 2336 1305 2360 Eine

405 2376 606 2407 diplomatische
631 2377 842 2410 Untersuchung.
860 2376 1029 2408 Innsbruck,
1056 2383 1133 2410 1902,
1159 2385 1185 2411 p.
1212 2383 1263 2411 271
1289 2384 1305 2402 e

405 2426 455 2452 ag„
474 2426 500 2450 4.
521 2419 605 2444 “Der
624 2419 753 2444 Context
763 2438 788 2451 η.
1220 2453 1224 2458 '

493 2459 503 2477 ⁴
523 2461 568 2486 Cf.
588 2461 713 2494 l’arenga
733 2462 778 2486 del
797 2462 957 2495 prlvlleglo
976 2462 1006 2487 dl
1027 2461 1195 2495 Guguelmo
1212 2461 1241 2486 11
1253 2469 1304 2496 per

405 2502 432 2528 S.
451 2503 543 2528 Maria
561 2503 666 2529 Nuova
685 2505 713 2528 di
729 2505 874 2529 Monreale
887 2505 933 2529 del
956 2503 1032 2535 1180,
1045 2504 1153 2536 Μαι-ιο,
1166 2504 1230 2529 Ind.
1248 2510 1307 2529 xur

406 2545 448 2579 (B.
470 2552 499 2570 21
506 2546 532 2579 5)
553 2547 583 2570 in
603 2546 636 2571 C.
655 2547 692 2572 A.
710 2546 835 2579 Gaurum,
859 2548 879 2572 I
885 2548 1035 2572 documenti
1046 2547 1145 2572 inediti
1156 2547 1305 2578 dell'epoca

344 2175 378 2194 20

345 2384 377 2411 ²5

363 2600 380 2618 o

346 2601 360 2625 3
406 2633 468 2663 logo
481 2632 620 2657 illustrato
639 2632 687 2656 del
710 2633 857 2658 Tabulario
876 2633 907 2657 di
919 2634 947 2659 S.
962 2633 1059 2658 Maria
1072 2634 1173 2658 Nuova
1187 2633 1218 2658 di
1229 2633 1305 2658 Mon·

406 2675 489 2702 reale,
510 2674 651 2703 Palermo‚
674 2681 750 2706 1902,
770 2675 833 2701 doc.
853 2682 880 2700 n.
899 2682 929 2707 9:
952 2675 1059 2699 “Licet
1078 2682 1113 2699 ex
1131 2675 1232 2700 innata
1256 2682 1305 2699 no-

410 2715 423 2728 “
432 2715 477 2740 bis
487 2716 640 2742 clementia
652 2717 773 2742 ecclesia
783 2719 812 2742 et
822 2718 895 2742 locis
905 2717 1124 2744 uenerabilibus.
1130 2723 1306 2750 periregnum

410 2756 423 2769 ¹‘
436 2758 564 2783 nostrum
578 2760 761 2788 constructis,
775 2759 937 2784 liberalitas
950 2760 1049 2784 nostra
1061 2759 1196 2784 beneficla
1216 2759 1307 2791 passis

348 2807 381 2834 35
411 2799 555 2829 “exibeat,
576 2802 699 2826 interior
721 2803 815 2826 tamen
835 2802 917 2834 qussl
937 2801 1079 2827 naturalis
1105 2802 1189 2826 nobls
1215 2802 1308 2834 surgit

412 2841 426 2855 “
437 2843 558 2874 affectus,
579 2845 658 2868 cuius
673 2845 782 2869 intuitu
795 2846 893 2877 regale
907 2844 1095 2869 monasterium
1108 2847 1225 2869 nostrum
1239 2844 1308 2870 San·

412 2885 476 2909 “cte
503 2887 595 2910 Marie
621 2895 687 2911 noue
711 2888 826 2919 quadam
851 2888 968 2920 specialj
990 2895 1056 2912 cura
1080 2887 1231 2920 diligimus.
1274 2887 1309 2912 Ut

412 2926 426 2940 u
437 2931 510 2952 tanto
529 2929 613 2958 ipsum
627 2930 713 2953 crebis
726 2930 860 2955 beneficiis
873 2934 900 2955 et
913 2930 1023 2955 assidua
1035 2930 1206 2960 prouidentie
1218 2933 1307 2954 nostre

413 2969 426 2982 “
439 2970 586 3002 diligentia
598 2971 753 3004 foueamus,
766 2976 864 3005 quanto
869 2973 1045 3005 fundationis
1064 2975 1153 2997 nostre
1165 2972 1309 2998 celebritas

350 3017 385 3042 40
412 3011 425 3024 ‘⁴
438 3019 487 3036 non
506 3013 623 3038 delectat
641 3016 668 3038 et
690 3014 803 3044 factura
821 3023 944 3040 manuum
969 3018 1121 3041 nostrarum
1133 3015 1308 3047 familiarem

407 2589 565 2613 Normanna
585 2589 611 2613 in
630 2589 740 2621 Sicilia,
759 2590 903 2620 Palermo‚
925 2589 1001 2623 1899,
1021 2597 1048 2622 p.
1070 2595 1128 2622 171,
1151 2597 1165 2614 e
1186 2590 1214 2615 Il
1230 2594 1316 2615 cata-.

1357 1437 1370 1450 “
1383 1437 1562 1469 benignitatis
1582 1440 1673 1462 nostre
1692 1437 1814 1461 fauorem
1833 1440 1861 1461 et
1874 1437 2000 1469 gratiam
2014 1440 2189 1469 promeretur
2197 1455 2223 1470 ,-
2280 1469 2281 1472 Ἴ

1443 1479 1453 1496 ⁵
1472 1481 1513 1504 La
1532 1481 1627 1504 chiesa
1653 1488 1667 1504 e
1694 1481 1715 1504 il
1736 1481 1908 1509 monastem,
1934 1480 2068 1505 eostrultl
2093 1484 2175 1512 supet
2191 1487 2255 1506 san·
2280 1482 2284 1513 J

1354 1527 1423 1548 ctam
1442 1522 1599 1552 lariacum,
1619 1523 1665 1547 nel
1688 1523 1756 1555 1176
1777 1528 1805 1554 ις
1820 1523 1875 1555 Ag.
1894 1522 1935 1555 (13.
1955 1523 2134 1555 201)ebbero
2147 1521 2255 1551 deu-
2284 1548 2286 1550 ,

1355 1565 1476 1597 glielmo
1495 1565 1521 1590 II
1539 1565 1691 1590 conceduti
1712 1565 1797 1590 molti
1817 1565 1893 1594 beni,
1913 1565 2053 1598 privilegi
2071 1564 2255 1594 dumuunssffl
2282 1568 2283 1571 ’

1355 1615 1370 1632 e
1383 1608 1569 1640 prerogative
1583 1607 1805 1632 ecclesiastiche.
1821 1605 1867 1633 Cf.
1875 1607 1899 1639 J.
1912 1607 1946 1632 L.
1961 1609 2101 1641 12403111
2114 1607 2146 1634 P.
2157 1607 2255 1638 Kum.

1355 1651 1581 1682 Papsturkundaen
1599 1651 1627 1675 in
1647 1650 1771 1681 Sizilien,
1797 1651 1828 1674 in
1853 1649 1978 1676 Nachr.
2002 1650 2035 1676 d.
2062 1650 2091 1678 k.
2113 1649 2255 1681 Genu*
2283 1656 2289 1669 “-
2316 1673 2317 1676 ,

1356 1693 1483 1718 schast
1502 1693 1530 1718 d.
1549 1692 1868 1718 wissenschaften
1888 1700 1928 1718 zu
1947 1691 2255 1728 GottingemPhi-
2285 1715 2288 1717 ,
2314 1710 2316 1713 .

1358 1735 1664 1767 lologisch—hlst.
1683 1734 1820 1766 nasse,
1843 1734 1920 1767 1899.
1938 1735 2165 1769 Heft3,p.317.
2194 1734 2257 1764 ,Fu
2283 1755 2286 1756 ν

1356 1777 1367 1802 l
1386 1777 1452 1802 beni
1473 1777 1504 1802 vl
1523 1776 1630 1802 surono
1650 1776 1677 1802 le
1696 1777 1814 1802 castella
1833 1776 1863 1801 di
1882 1777 1947 1807 Iati,
1966 1776 2118 1811 Corlmne,
2138 1777 2261 1806 Kal-w.

1355 1821 1427 1845 trnsl
1447 1827 1501 1844 con
1520 1820 1592 1845 tutti
1613 1821 1622 1844 l
1643 1819 1797 1844 tenimenti
1815 1826 1831 1844 ο
1849 1819 1876 1844 le
1894 1821 2070 1853 pertInenze,
2087 1825 2144 1847 tana
2161 1820 2190 1846 in
2207 1820 2255 1846 de·
2314 1852 2316 1854 ¹

1357 1863 1444 1888 manio
1462 1871 1539 1895 quam
1557 1863 1585 1887 in
1603 1863 1724 1892 seruitio,
1742 1862 1831 1887 libere
1849 1863 1885 1887 da
1903 1864 1980 1888 tutte
1993 1863 2211 1898 le-prestanlonl
2222 1862 2253 1888 di
2283 1863 2287 1869 “

1357 1905 1497 1935 ιειτνίτιος
1518 1905 1541 1930 il
1561 1912 1591 1930 re
1611 1907 1634 1931 si
1654 1904 1764 1930 riserbo
1783 1904 1853 1938 pero
1873 1905 1903 1931 dl
1921 1905 2081 1933 richledere
2098 1906 2263 1939 tinellam.

1356 1948 1483 1974 custodiis
1502 1948 1641 1974 maritime
1661 1948 1758 1974 Sicilie
1775 1955 1826 1981 per
1845 1948 1874 1973 la
1897 1955 2008 1982 guerra.
2034 1957 2060 1975 ο.
2076 1955 2127 1983 per
2151 1949 2255 1978 lasus.
2278 1943 2288 1967 ἶ

1357 1992 1559 2016 coronazione.
1597 1990 1773 2016 Concedette
1803 1991 1855 2015 che
1886 1998 1915 2015 se
1942 1999 1980 2016 un
2008 1991 2170 2018 feudatarlo
2194 1999 2256 2018 mo·
2279 1994 2281 1998 ’
2314 2013 2317 2020 ,

1358 2033 1429 2058 rlsse
1448 2040 1533 2058 senza
1551 2033 1629 2058 eredi
1649 2033 1671 2058 il
1692 2035 1857 2058 monastero
1876 2040 1974 2058 avesse
1998 2034 2027 2059 lt.
2051 2031 2199 2068 propi-leti
2224 2033 2253 2060 dl

1357 2077 1421 2108 quel
1444 2075 1522 2101 feudi
1541 2075 1591 2100 che
1610 2083 1659 2109 per
1678 2075 1760 2108 legge
1779 2075 1928 2101 sarebbero
1947 2077 2016 2102 stati
2041 2076 2178 2102 devoluti*
2196 2076 2263 2104 nlla·
2278 2075 2290 2112 ,ᾗ
2314 2072 2317 2083 ¹

1358 2119 1437 2143 curia
1456 2118 1502 2144 del
1523 2126 1561 2143 re.
1597 2118 1629 2143 In
1650 2118 1782 2143 Palermo
1801 2119 1966 2144 concedette
1986 2119 2008 2144 ll
2027 2119 2121 2146 caule
2138 2119 2175 2148 tilv
2188 2120 2254 2146 Bul-

1359 2159 1426 2185 char
1439 2167 1495 2184 con
1510 2160 1537 2184 le
1556 2161 1732 2192 pertlnenze,
1746 2160 1768 2184 il
1783 2160 1895 2185 mullno
1910 2162 2052 2188 contraite
2066 2162 2148 2187 sotto
2160 2161 2183 2190 11
2196 2169 2255 2189 mo·
2281 2168 2287 2174 Α

1359 2204 1484 2231 nastero.
1503 2202 1531 2227 le
1549 2202 1642 2226 chiese
1655 2201 1685 2226 dl
1699 2202 1728 2227 S.
1742 2201 1857 2227 Clriacn
1870 2209 1886 2227 e
1897 2203 1926 2228 S.
1937 2203 2078 2229 Silvestre
2090 2210 2146 2234 con
2158 2204 2255 2238 vlgne,
2275 2211 2282 2234 y

1358 2245 1472 2270 canneti
1492 2252 1508 2269 e
1526 2244 1625 2275 casali,
1645 2244 1672 2269 le
1689 2251 1753 2269 case
1771 2245 1867 2270 viclne
1886 2245 1915 2270 la
1933 2245 2074 2272 Kemonln
2091 2243 2142 2280 3¹&
2154 2252 2255 2280 appar-
2284 2243 2287 2251 ²
2315 2247 2317 2254 ’·

1358 2287 1456 2311 tenute
1474 2293 1491 2311 a
1510 2285 1601 2311 Gaito
1620 2286 1748 2311 Martino
1773 2287 1853 2319 regio
1877 2286 2052 2320 Camerarlo,
2077 2295 2116 2314 un
2140 2287 2282 2314 mullum·

1359 2336 1408 2363 per
1426 2330 1455 2355 la
1475 2329 1642 2354 cannamela
1660 2329 1742 2354 detto
1756 2330 1802 2355 dai
1813 2331 1946 2356 Saraceni
1959 2332 2285 2366 Mosara.,un·2v12ne.4

1359 2372 1404 2398 del
1425 2372 1454 2396 su
1475 2373 1559 2397 notar
1578 2371 1695 2397 Simone
1714 2379 1771 2398 con
1790 2373 1864 2398 torrl
1882 2380 1897 2398 e
1916 2375 2040 2404 cannen,
2058 2374 2196 2409 la-vlgna
2208 2373 2287 2402 del-¹

1359 2415 1390 2440 fu
1408 2413 1550 2440 Silvestro
1570 2416 1655 2439 conte
1675 2414 1703 2439 di
1724 2415 1856 2445 Marsico.
1876 2416 1905 2441 la
1923 2418 2046 2442 tonnara
2064 2415 2211 2445 uell'lsola
2222 2408 2284 2442 tn?

1359 2457 1433 2482 Flmi
1454 2463 1553 2490 presso
1568 2460 1678 2488 portum
1705 2458 1779 2483 Gali.
1807 2458 1841 2483 In
1859 2457 1987 2484 Messinm
2005 2459 2033 2484 ln
2050 2458 2147 2484 chien.
2171 2458 2201 2484 <u
2225 2452 2283 2485 So*
2315 2457 2318 2476 ἶ

1360 2498 1516 2528 Clemente,
1535 2499 1566 2524 ln
1587 2499 1722 2524 CalabrIa
1741 2500 1769 2525 la
1782 2500 1876 2526 chiesa
1890 2500 1921 2526 di
1938 2500 1967 2526 S.
1985 2501 2080 2527 Maria
2096 2497 2281 2527 atumem?

1359 2549 1374 2567 e
1392 2542 1420 2567 la
1439 2541 1570 2576 cappella
1589 2543 1617 2567 di
1638 2542 1665 2567 S.
1679 2543 1793 2573 Maur03
1812 2543 1843 2568 ln
1858 2544 1962 2577 Puglia
1974 2543 2004 2569 la
2017 2542 2090 2570 cltti
2101 2544 2132 2570 di
2145 2543 2255 2570 Bitetto
2279 2555 2280 2558 ¹

1359 2593 1416 2610 cum
1425 2585 1547 2611 amnibus
1552 2584 1680 2617 justitiis.
1717 2585 1750 2609 In
1764 2585 1868 2610 ultimo
1881 2586 2045 2612 eoncedette
2064 2585 2087 2612 11
2106 2586 2212 2612 diritto
2225 2586 2254 2612 di

1360 2634 1442 2661 pesca
1461 2634 1515 2652 con
1535 2632 1549 2659 5
1569 2627 1672 2652 barche
1691 2627 1738 2652 nel
1757 2629 1843 2660 porto
1863 2628 1892 2653 di
1911 2628 2053 2656 Palermo.
2089 2628 2136 2655 Cf.
2154 2629 2177 2654 ll
2189 2624 2256 2654 'mlo

1363 2671 1497 2703 Catalogo
1517 2670 1655 2695 illustrato
1674 2671 1721 2695 del
1744 2671 1890 2696 Tabulario
1908 2672 1939 2696 di
1957 2671 1986 2696 S.
1999 2671 2096 2697 Maria
2108 2672 2209 2697 Nuova
2227 2670 2259 2697 dx·
2272 2670 2275 2671 ⁷

1360 2713 1505 2740 Monreale
1525 2714 1584 2745 cit„
1603 2712 1665 2738 doc.
1686 2720 1714 2738 n.
1735 2719 1777 2745 15.
2278 2733 2280 2735 »

1450 2753 1461 2770 ⁶
1481 2754 1527 2780 Cf.
1547 2755 1674 2788 l’arenga
1693 2755 1739 2783 del
1759 2755 1890 2788 diploma
1908 2756 1938 2781 di
1957 2755 2124 2789 Gugllelmo
2146 2754 2174 2781 11
2197 2755 2283 2786 dela-a,

1360 2798 1498 2823 l’ottobre
1514 2797 1579 2823 1182
1595 2800 1641 2823 nei
1655 2799 1724 2824 mlel
1737 2799 1898 2824 Documenti
1905 2800 2003 2824 inediti
2013 2808 2064 2825 ecc.
2077 2799 2136 2834 cita,
2146 2798 2179 2831 1,.
2191 2802 2238 2832 175
2247 2806 2268 2825 8-

1363 2841 1376 2855 “
1386 2840 1420 2865 In
1440 2848 1587 2866 comunem
1601 2841 1743 2866 credimus
1757 2843 1896 2867 noticiam
1910 2842 2057 2867 deuenisse
2070 2849 2124 2868 nos
2137 2843 2168 2868 in
2187 2848 2256 2866 con·
2267 2842 2278 2863 :J

1361 2883 1546 2909 “structione
1565 2885 1669 2917 regalis
1695 2884 1863 2919 Monasterij
1891 2887 1987 2910 nostre
2011 2885 2040 2910 S.
2065 2885 2155 2910 Marte
2179 2890 2256 2910 noue
2276 2881 2282 2903 s
2315 2906 2317 2913 .,

1363 2926 1462 2958 “quod
1487 2926 1548 2950 Deo
1575 2927 1736 2959 inspirante
1758 2927 1938 2952 fundaulmua
1963 2929 1992 2953 et
2017 2928 2138 2960 preclari
2158 2927 2287 2961 operio.

1363 2969 1500 2995 “edificia
1518 2971 1649 3003 posuisse
1668 2971 1696 2994 et
1715 2977 1775 2995 non
1795 2971 1887 2995 solum
1900 2970 2094 3004 dignitatibus
2106 2970 2154 2996 sed
2167 2970 2254 2996 etlam
2284 2970 2289 2974 '⁷
2315 2966 2317 3000 ζ

1363 3013 1377 3027 ·‘
1389 3013 1479 3047 largIs
1498 3014 1591 3047 Ipsum
1612 3014 1826 3047 possessionum
1845 3013 1943 3039 titulis
1963 3013 2115 3046 ampliasse
2126 3029 2151 3045 ᾗ,
2315 3002 2317 3022 ⁵
