2320 3444
70 347 222 401 {plebem
252 356 310 389 cui
341 366 425 398 sepe
456 355 614 388 offensas
644 354 851 397 prestiterat,
882 353 927 386 de

77 415 189 444 ‘nocte
211 409 361 454 fugiens,
385 408 518 442 relictis
539 419 646 442 uxore
672 413 707 440 et
736 407 816 439 filiis
846 416 928 450 pro-

76 462 238 508 priisque
252 463 367 502 rebus,
382 462 477 506 apud
492 472 631 495 roccam
648 461 777 494 Bantre
794 471 831 492 se
847 469 928 493 con-

75 511 170 555 5⁴tulit,
193 527 296 560 quam
319 515 460 560 quidam
482 516 556 548 eius
572 515 680 548 frater
703 513 930 547 consobrinus

75 565 77 567 ¹
99 569 284 604 aenulfus
313 570 503 602 monachus
524 569 643 611 nepos'
667 567 776 610 ipsius
798 565 930 599 abbatis

64 621 239 672 Ptenchat,
261 632 340 655 eum
363 632 432 665 quo
450 620 631 654 Casinensi
649 619 802 652 ecclesia
817 617 929 651 rebel-

75 676 180 713 slauit.

74 768 78 771 v
172 729 320 768 Interea,
344 729 426 772 quia
441 727 604 761 monachi
618 727 838 764 Casinenses,
855 723 930 768 qui-

82 782 148 818 bus
171 795 192 816 a
213 794 305 826 papa
326 783 454 815 iussum
477 782 592 814 fuerat
614 787 651 813 ut
666 780 770 813 alium
786 779 852 812 sibi
866 778 930 811 eli-

62 842 206 880 gerent
228 836 263 868 in
286 835 460 875 abbatem,
482 835 518 867 in
541 833 714 867 electione
730 833 830 865 unius
846 842 930 864 con·

62 889 210 934 ⁸cordes
229 889 379 921 inueniri
399 898 470 921 non
493 892 663 931 poterant,
679 886 746 919 hoc
769 895 833 928 per
848 891 929 918 octo

65 943 130 988 ‚sle
151 943 319 976 tratribus
342 952 432 985 pape
457 941 694 979 denunctiant,
712 950 790 973 cum
806 938 930 983 quibus

59 996 115 1042 gis
135 1006 238 1040 quem
261 995 452 1039 prephatus
482 1005 556 1027 sum
586 992 785 1037 Stephanus
816 1002 929 1024 came-

83 1051 195 1085 rarius
217 1050 324 1083 uadit.
367 1049 428 1083 Hii
451 1059 528 1082 eum
551 1059 641 1092 pape
668 1046 845 1090 presentie
868 1055 930 1088 pa-

67 1114 75 1137 .⁴
84 1104 170 1138 riter
191 1114 229 1137 se
252 1104 420 1142 offerent,
449 1102 598 1145 benigne
629 1112 650 1133 a
679 1111 772 1143 papa
794 1099 930 1142 recepti

55 1159 64 1180 '·
84 1162 166 1191 sunt
187 1162 222 1190 et
250 1156 381 1194 auditi;
413 1166 478 1199 per
505 1165 604 1199 quos,
635 1165 715 1187 cum
745 1153 778 1185 ei
801 1152 931 1186 certius

86 1210 294 1244 constitisset
314 1209 359 1242 de
383 1209 557 1242 electione
572 1209 723 1246 diuersa,
738 1212 842 1250 prout
863 1204 931 1238 sibi

66 1293 70 1296 .
84 1263 228 1308 placuit,
265 1264 316 1296 eis
352 1262 485 1296 dictum
523 1260 738 1304 Stephanum
777 1269 930 1292 camera—

59 1313 75 1354 ἶ
84 1316 175 1351 rium
189 1317 226 1350 in
241 1316 399 1350 abbatem
417 1316 598 1349 concessit.
637 1314 837 1356 Stephanus
851 1313 930 1351 iste,

66 1391 73 1414 ,⁴
87 1376 318 1416 cognomento
356 1369 588 1407 Marsicanus‚
624 1369 678 1401 uir
715 1378 785 1400 non
820 1367 932 1398 minus

67 1423 193 1458 {studii
215 1434 318 1467 quam
341 1422 532 1456 honestatis
561 1427 704 1460 amator,
727 1421 772 1454 de
795 1418 932 1452 militari

70 1487 272 1519 ,erumpens
305 1476 477 1519 prosapia,
507 1475 570 1508 sub
599 1473 762 1518 prephati
799 1471 932 1506 abbatis

71 1536 73 1541 ’
87 1529 247 1564 Roth-idi
276 1530 446 1574 regimine
475 1527 661 1562 monastici
692 1526 823 1561 ordinis
849 1526 932 1569 iugo

60 1583 181 1621 „colla
203 1583 369 1616 submisit.
413 1583 483 1615 Hic
506 1593 570 1624 per
592 1581 662 1614 uite
687 1590 748 1613 sue
771 1579 933 1612 meritum

88 1642 124 1670 et
145 1636 317 1670 laudabile
341 1635 616 1670 conuersationis
638 1634 833 1677 exemplum
856 1633 932 1665 Deo

71 1710 73 1713 »
88 1695 207 1738 gratus
227 1697 263 1724 et
285 1689 483 1723 hominibus
505 1690 630 1728 factus,
653 1688 811 1721 Romane
835 1686 933 1719 curie

69 1744 183 1788 ⁴cepit:
205 1743 335 1777 habere
358 1743 512 1777 notitiam
536 1749 571 1775 et
598 1742 768 1781 fauorem,
790 1746 934 1783 propter

70 1812 73 1814 ·
89 1797 185 1843 quod
207 1797 254 1830 ad
267 1797 368 1830 huius
391 1797 631 1830 conscendere
648 1794 775 1828 meruit
796 1793 931 1836 apicem

62 1858 75 1900 ’,1
89 1851 280 1896 dignitatis.
327 1849 433 1883 Cuius
464 1855 604 1883 actuum
627 1849 751 1881 seriem
773 1847 932 1880 laudabi-

58 1914 71 1950 5'
89 1903 157 1938 lem
179 1904 250 1937 suis
279 1904 391 1938 lector
413 1903 567 1936 inueniet
588 1902 725 1945 plenius
748 1900 931 1934 contineri.

71 1966 77 1970 '⁴
90 1956 157 1991 Hic
179 1957 296 1990 idibus
320 1956 535 2000 Septembris
557 1960 746 1999 promotus,
769 1954 932 1988 Casinum

70 2023 71 2026 ¹
90 2010 235 2044 ueniens
257 2020 278 2043 a
299 2010 465 2043 fratribus
486 2016 538 2043 est
561 2008 680 2042 debito
705 2019 784 2041 cum
800 2008 933 2040 honore

62 2073 77 2111 ss.
90 2070 281 2107 susceptus.
319 2063 444 2097 Dictus
457 2063 654 2096 Adenulfus
666 2062 814 2095 condam
826 2060 934 2094 abbas

58 2111 184 2160 {apud
205 2117 394 2150 Larianum
411 2117 573 2155 metitur,
589 2116 647 2149 ubi
665 2116 778 2149 donec
793 2124 933 2147 roccam

67 2161 75 2189 Ῐ
91 2168 221 2204 Bantre
243 2171 425 2203 mandaret
454 2169 661 2203 monasterio
685 2169 797 2207 reddi,
819 2173 934 2201 custo-

76 2255 78 2258 ,
91 2222 159 2258 diri
181 2223 327 2257 iubetur.
373 2223 568 2267 Stephanus
584 2222 690 2255 abbas
713 2222 788 2265 regi
806 2221 935 2255 Frede-

64 2274 69 2300 ’-
91 2276 166 2310 rico
188 2276 224 2309 in
254 2276 471 2311 Alamaniam
495 2286 591 2309 suam
614 2275 866 2319 promotionem
889 2274 936 2307 si-

89 2328 244 2374 'gnificat.

73 2380 77 2387 ²
179 2383 405 2417 Innocentius
442 2394 532 2426 papa
570 2392 688 2415 meuse
727 2381 937 2415 Nouembris

64 2437 186 2480 [apud
207 2436 418 2470 Lateranum
433 2436 453 2475 ¹,
477 2435 680 2470 conuocatis
696 2435 741 2468 ad
757 2445 794 2468 se
811 2434 937 2467 ceteris

67 2489 188 2537 ‘orbis
209 2490 364 2533 prelatis,
378 2495 534 2523 sanctam
546 2489 717 2532 synodum
733 2487 936 2527 celebrauit,

68 2542 152 2582 vubi
175 2553 254 2575 cum
277 2543 353 2576 aliis
375 2542 531 2586 patribus
554 2541 614 2586 qui
636 2542 776 2574 fuerunt
799 2541 938 2574 circiter

69 2601 74 2654 ἑ
94 2595 199 2630 ccccu
215 2595 228 2613 ²
249 2596 432 2640 magnifice
463 2595 544 2628 satis
572 2594 686 2628 adfuit
707 2594 800 2627 idem
829 2594 938 2627 abbas

185 2711 225 2738 ¹³·
243 2704 301 2729 hiis
319 2705 411 2730 invaecae
429 2703 461 2728 ds·
478 2705 502 2728 is
523 2703 588 2728 Cod.
603 2715 634 2720 ——
650 2708 690 2734 17.
705 2702 859 2727 ellectione
874 2701 939 2727 (Συά-

76 3026 77 3029 ¹
87 3049 91 3054 ι
101 3017 195 3044 nun..

868 218 1144 256 CHRONICA

185 2932 194 2950 ¹
214 2935 254 2959 La
273 2935 486 2959 convoenzione
503 2932 549 2958 del
569 2932 679 2958 Sinodo
707 2932 735 2956 su
755 2931 829 2956 satta
854 2931 885 2956 in
904 2930 987 2957 Late-

98 2982 178 3007 rano,
202 2976 278 3002 nella
301 2977 394 3001 chiesa
420 2975 449 3000 di
475 2975 529 3000 San
556 2974 708 3000 Sslvatore
733 2974 812 2999 detta
837 2973 986 2999 Costanti-

1086 357 1139 384 set
1159 351 1241 395 quia
1264 362 1333 385 non
1359 356 1521 394 poterant
1543 355 1738 384 conuentus
1768 350 1805 382 in
1836 349 1935 382 unius

1086 405 1258 438 electione
1280 404 1430 438 inueniri
1448 405 1655 442 concordes,
1671 403 1740 436 hoc
1755 403 1821 446 ipsi
1844 413 1935 446 pape

1087 469 1152 500 per
1173 464 1253 491 octo
1277 459 1320 491 de
1346 458 1521 497 fratribus,
1544 468 1630 501 quos
1654 459 1699 491 ad
1722 458 1835 500 ipsum
1858 457 1934 489 mit-

1087 517 1174 549 tunt,
1198 511 1416 544 denuntiant.
1462 511 1560 544 Inter
1576 522 1663 554 quos
1680 522 1758 544 cum
1780 520 1869 542 unus
1886 521 1934 542 es-

1013 565 1032 598 5
1087 571 1139 597 set
1161 575 1279 597 eorum
1303 571 1404 598 notus
1419 565 1576 607 pontifici
1591 564 1790 607 Stephanus
1806 574 1935 607 cogno-

1087 624 1204 650 mento
1228 618 1272 650 de
1295 618 1438 656 Marsia,
1462 618 1559 650 cuius
1582 617 1740 659 superius
1764 617 1836 649 feci
1863 627 1935 649 me-

1087 671 1243 709 moriam,
1267 671 1375 710 illum,
1399 678 1582 714 postquam
1606 681 1669 713 per
1693 681 1752 703 eos
1767 670 1832 703 sibi
1851 680 1936 702 con-

1087 724 1175 756 stitit
1198 723 1241 756 de
1266 724 1437 758 electione
1462 725 1610 763 diuersa,
1635 725 1679 757 de
1702 724 1813 767 gratia
1835 729 1936 767 prout

1086 777 1220 820 placuit
1242 778 1277 809 in
1301 777 1461 810 abbatem
1486 778 1661 810 concessit
1678 778 1819 811 eisdem.
1867 777 1935 809 Hic

1087 831 1133 863 ad
1155 832 1403 863 monasterium
1424 831 1566 864 rediens
1588 842 1609 863 a
1631 831 1796 864 fratribus
1819 837 1853 864 et
1874 841 1936 873 po-

1087 884 1170 926 pulo
1194 894 1271 916 cum
1296 885 1428 917 honore
1453 890 1614 927 receptus
1636 890 1699 917 est.

1177 938 1228 970 Eo
1251 948 1343 970 anno
1365 949 1427 970 rex
1449 939 1658 971 Fredericus
1672 939 1708 970 in
1732 939 1937 981 rependium

1089 991 1208 1024 collati
1231 991 1298 1024 sibi
1321 991 1448 1024 celitus
1470 991 1631 1024 beneficii
1655 997 1690 1023 et
1713 991 1876 1034 triumphi
1892 992 1936 1024 de

1088 1045 1218 1078 Ottone
1235 1044 1329 1078 dicto
1343 1045 1554 1087 imperatore
1571 1045 1664 1087 apud
1680 1045 1936 1088 Aquisgranum

997 1099 1034 1132 15
1089 1105 1212 1141 sponte
1235 1108 1272 1130 se
1296 1098 1411 1130 crucis
1435 1103 1615 1130 caractere
1639 1097 1826 1141 insigniuit.

1177 1151 1299 1183 Dictus
1330 1161 1423 1193 papa
1453 1150 1567 1183 Rome
1601 1151 1694 1193 apud
1724 1151 1936 1183 Lateranum

1088 1206 1124 1238 in
1157 1204 1306 1237 ecclesia
1336 1203 1525 1237 Salvator-is
1555 1215 1621 1247 que
1653 1204 1937 1237 Constantiniana

1090 1258 1216 1291 dicitur
1238 1264 1393 1290 sanctam
1415 1258 1584 1301 synodum
1602 1257 1803 1296 celebrauit,
1818 1258 1854 1289 in
1870 1269 1938 1300 qua

1090 1323 1168 1346 cum
1199 1312 1330 1344 fuerint
1360 1317 1476 1354 patres
1506 1311 1647 1343 circiter
1677 1311 1937 1354 quadringenti,

1090 1365 1134 1398 de
1157 1364 1406 1398 reformatione
1436 1364 1586 1397 ecclesie
1617 1364 1654 1396 in
1685 1375 1747 1397 suo
1778 1373 1936 1396 sermone

1090 1419 1280 1461 proposuit,
1311 1424 1346 1451 et
1376 1417 1579 1450 liberatione
1602 1417 1816 1460 potissimum
1846 1423 1938 1449 terre

1089 1477 1221 1505 sancte.
1244 1471 1482 1504 Interfuerunt
1504 1476 1620 1503 autem
1642 1482 1762 1515 regum
1787 1476 1822 1503 et
1845 1471 1940 1514 prin-

1090 1526 1206 1568 cipum
1231 1525 1336 1559 totius
1358 1525 1452 1558 orbis
1482 1524 1608 1564 nuntii,
1638 1525 1771 1567 legatus
1801 1535 1940 1567 quoque

1089 1579 1181 1623 regis
1193 1579 1373 1612 Frederici
1381 1578 1646 1611 Panormitanus
1655 1578 1941 1620 archiepiscopus

1091 1632 1262 1666 Berardus
1284 1632 1436 1671 nomine,
1461 1637 1496 1664 et
1511 1630 1785 1665 Mediolanensis
1800 1632 1939 1674 quidam

1093 1698 1156 1730 pro
1187 1692 1286 1729 parte
1314 1684 1454 1719 Ottonis
1485 1686 1530 1717 ad
1561 1685 1761 1717 mandatum
1791 1684 1940 1717 ecclesie

1091 1741 1207 1773 redire
1229 1739 1390 1773 uolentis.
1437 1738 1574 1777 Quibus
1603 1739 1760 1771 marchio
1792 1737 1940 1771 Montis-

1092 1793 1227 1832 ferrati,
1265 1793 1324 1837 qui
1357 1798 1433 1826 erat
1461 1803 1526 1836 pro
1557 1798 1656 1834 parte
1695 1792 1785 1835 regis
1822 1792 1941 1834 ipsius,

1092 1848 1327 1882 aduersarium
1351 1858 1388 1880 se
1412 1857 1604 1890 opponens,
1622 1847 1715 1890 quod
1732 1857 1795 1889 pro
1812 1846 1941 1878 Ottone

1089 1902 1166 1945 ipso
1188 1911 1259 1934 non
1282 1900 1456 1937 deberent
1477 1900 1603 1940 audiri,
1628 1910 1692 1932 sex
1723 1900 1758 1931 in
1789 1899 1940 1931 medium

1092 1955 1244 1998 capitula
1260 1954 1410 1997 protulit.
1434 1954 1586 1987 Primum
1603 1954 1684 1996 quia
1699 1954 1940 1990 iuramentum,

1092 2009 1188 2052 quod
1221 2007 1383 2041 Romane
1414 2007 1566 2040 ecclesia
1596 2007 1733 2039 fecerat
1763 2017 1834 2038 non
1868 2016 1939 2037 ser-

1091 2062 1197 2099 uauit,
1221 2067 1258 2094 ut
1285 2060 1417 2094 debuit.
1463 2061 1663 2093 Secundum
1688 2060 1770 2103 quia
1800 2065 1942 2102 propter

1093 2125 1162 2159 que
1195 2115 1262 2148 fuit
1292 2115 1615 2148 excommunicatus
1645 2115 1762 2147 adhuc
1794 2113 1939 2149 detinet,

1093 2179 1160 2202 uec
1182 2168 1349 2206 reddidit,
1365 2174 1404 2201 ut
1419 2168 1555 2200 iurauit.
1600 2166 1756 2199 Tertium
1772 2166 1852 2210 quia
1868 2166 1942 2207 epi-

1093 2232 1237 2264 scopum
1275 2221 1460 2264 quemdam
1499 2221 1832 2253 excommunicatum
1865 2225 1941 2251 tan-

1094 2286 1196 2319 quam
1233 2275 1339 2317 ipsius
1374 2275 1546 2308 fautorem
1577 2272 1705 2307 nititur'
1737 2273 1939 2306 confouere.

1096 2327 1268 2366 Quartum
1299 2328 1380 2371 quia
1417 2329 1570 2371 legatum
1601 2328 1804 2370 episcopum
1834 2326 1941 2358 alium

1095 2391 1223 2423 capere
1246 2387 1282 2414 et
1311 2382 1348 2414 in
1377 2381 1516 2413 maioris
1546 2380 1736 2423 iniquitatis
1767 2379 1940 2411 cumulum

1093 2434 1313 2467 incarcerare
1337 2434 1555 2477 presumpsit.
1603 2433 1771 2471 Quintum
1795 2432 1876 2475 quia
1907 2431 1942 2469 in

1095 2493 1330 2530 contemptum
1354 2487 1512 2521 Romane
1534 2486 1684 2520 ecclesia
1708 2496 1825 2529 regem
1856 2485 1940 2517 Fre-

1097 2540 1255 2573 clericum
1277 2550 1395 2584 regem
1426 2539 1618 2583 appellauit
1648 2538 1942 2582 presbyterorum.

1096 2593 1239 2626 Sextum
1264 2595 1344 2637 quia
1367 2594 1542 2637 quoddam
1557 2592 1755 2625 monialium
1771 2596 1942 2624 monaste-

995 833 1034 864 10

993 1368 1036 1399 20

995 1634 1036 1667 25

995 1904 1038 1935 30

997 2170 1038 2202 35

1000 2439 1041 2470 40

1187 2708 1211 2734 5.
1230 2703 1273 2727 La
1292 2706 1354 2727 nota
1366 2702 1520 2734 marginale
1534 2701 1548 2725 ὲ
1561 2701 1592 2725 di
1603 2709 1679 2725 mano
1692 2701 1739 2724 del
1750 2702 1892 2724 settecento
1908 2712 1939 2716 -—

1097 2743 1123 2771 8.
1142 2745 1236 2769 diuisa
1255 2744 1331 2769 Uen.
1350 2753 1364 2768 e
1382 2745 1479 2768 Pna’rz
1500 2757 1531 2761 —
1556 2750 1596 2775 13.
1617 2741 1745 2766 beneficii
1765 2742 1798 2766 de
1817 2742 1942 2766 uictoria

1097 2787 1232 2812 aduersus
1251 2786 1398 2816 ottonem,
1417 2786 1494 2812 Πομ.
1515 2795 1528 2810 e
1547 2785 1610 2809 Dar„
1630 2785 1674 2809 Rs
1694 2798 1726 2802 —
1748 2790 1791 2815 27.
1809 2783 1857 2808 Set
1871 2791 1941 2808 mnr-

1097 2830 1173 2861 chio,
1191 2830 1285 2855 invece
1303 2830 1334 2854 di
1350 2828 1461 2858 Quibus
1481 2827 1609 2852 marchio
1630 2827 1709 2852 Uen.

1131 2929 1142 2947 ²
1161 2931 1292 2957 Secondo
1316 2932 1356 2964 gli
1384 2932 1502 2956 Annales
1530 2931 1714 2959 Ceccanensns,
1739 2930 1796 2958 cit..
1823 2936 1849 2961 p.
1877 2934 1937 2961 300,

1042 2974 1190 2999 sarcbbero
1210 2975 1383 2999 inter-venuti
1405 2974 1432 2998 al
1446 2971 1584 2997 Concilio
1599 2978 1649 3004 4¹²
1665 2973 1780 2996 vescovi
1795 2979 1810 2995 e
1824 2977 1854 3002 71
1877 2972 1934 3003 pri-

1043 3016 1113 3041 mati
1132 3024 1147 3040 e
1166 3016 1355 3048 metropoliti,
1375 3024 1388 3039 e
1408 3013 1458 3047 piii
1477 3015 1507 3039 di
1528 3014 1579 3038 800
1598 3015 1642 3039 tru
1660 3014 1738 3039 abati
1758 3021 1772 3038 e
1792 3014 1892 3046 priori.

1961 561 2090 586 Stephanus
2104 561 2174 582 abbas

1991 589 2132 610 Casinensis.

1966 1150 2091 1171 Concilium
2116 1148 2175 1175 p'ape

1990 1178 2120 1198 Jnnocentii
2140 1183 2174 1198 ce-

1990 1205 2032 1225 lebr
2039 1206 2102 1225 atum
2115 1211 2176 1224 men-

1992 1232 2024 1252 sis
2033 1232 2175 1252 Novembris.

2036 2288 2057 2304 c.
2071 2287 2117 2307 ην

1971 3020 2002 3038 10
