2320 3444
122 238 175 275 [Α.
196 241 291 275 1²⁴1]
860 207 862 209 ’
903 234 1181 270 CHRONICA
1879 235 1949 269 211
1969 244 2042 268 Mun„
2107 247 2193 270 ,οη-48

121 365 223 409 ponit
245 372 357 398 castra
378 377 452 404 sua,
475 373 510 399 et
531 367 567 398 in
591 365 819 399 exterioribus
834 366 967 399 Urbem
990 366 1150 407 diuastat,
1180 371 1215 398 et
1236 370 1320 397 tunc
1344 365 1388 398 de
1411 364 1584 408 Gregorio
1607 375 1699 407 papa
1722 365 1818 408 quod
1833 364 1959 398 obierit
1982 364 2193 416 ngssggriug‘flss

123 418 237 452 Rome
261 429 335 452 xm.
362 419 518 464 Augusti,
539 430 604 462 pro
626 426 723 453 certo
746 420 886 462 accepit
898 418 920 458 ¹,
943 420 986 452 de
1010 420 1106 452 cuius
1121 419 1263 451 licentia
1280 418 1475 451 cardinales
1489 428 1622 456 omnes,
1636 418 1695 462 qui
1713 424 1811 451 extra
1825 418 1958 452 Urbem

124 472 276 513 fuerant,
298 483 363 515 pro
387 473 561 506 electione
584 483 674 516 pape
699 472 864 506 facienda
887 472 932 505 ad
955 472 1089 506 Urbem
1113 472 1270 504 redeunt.

211 525 345 559 Eodem
362 537 479 559 mense
494 525 643 570 Augusti
659 526 752 558 iussu
767 526 987 568 Imperatoris
1002 531 1193 558 uastatores
1208 526 1251 558 de
1267 525 1394 568 Regno
1410 530 1496 567 aput
1506 517 1656 557 Insulam
1670 525 1786 567 pontis
1799 524 1958 563 Solarati,

80 578 99 611 5
122 584 158 611 et
181 584 264 621 aput
288 580 454 613 Sanctum
478 580 668 612 Iohannem
692 579 736 612 de
760 579 928 617 Incarico,
951 585 988 611 ut
1011 579 1141 611 intrent
1164 579 1391 620 Campaniam
1421 584 1688 622 congregantur.
1735 578 1954 616 Cardinales,

124 632 183 675 qui
206 632 241 663 in
272 631 368 665 Urbe
392 633 437 665 ad
460 643 551 675 pape
575 632 782 665 electionem
805 638 1054 670 conuenerant,
1078 643 1144 674 per
1164 637 1359 664 senatorem
1383 637 1420 664 et
1440 631 1618 664 Romanos
1640 637 1724 674 aput
1740 632 1958 674 Septisolium

123 685 358 725 includuntur,
382 693 420 719 ut
441 688 487 720 ad
509 686 698 719 creandum
721 696 847 728 papam
871 686 970 719 inuiti
993 685 1208 728 procedant⁸
1233 686 1256 726 [.
1269 707 1300 717 ..
1313 684 1347 726 .].

211 739 388 772 Mattheus
410 741 543 773 Russus
565 739 671 772 Urbis
693 747 835 772 senator
857 739 1045 783 Lagustam
1067 739 1102 770 in
1119 738 1356 771 Romanorum
1373 738 1533 780 optinuit.
1578 739 1750 772 Thesauri
1766 749 1885 772 omnes
1901 749 1960 772 ec-

122 792 306 825 clesiarum
329 793 446 837 Regni
468 805 489 825 a
511 799 607 835 porta
633 793 758 826 Roseti
780 803 888 835 usque
912 793 957 824 ad
974 792 1059 824 fines
1074 792 1191 835 Regni
1218 792 1310 824 iussu
1326 792 1468 824 Andree
1485 792 1529 824 de
1547 791 1668 828 Cicala
1683 793 1860 835 capitanei
1876 799 1959 835 aput

48 838 100 882 sio
122 845 290 879 Sanctum
313 846 524 879 Germanum
546 847 583 879 in
605 845 757 878 ecclesia
779 851 900 878 sancte
925 845 1036 877 Marie
1068 851 1159 878 terre
1190 845 1345 877 eiusdem
1376 851 1632 888 congregantur
1662 852 1697 878 et
1726 852 1956 888 reponuntur3

122 909 268 942 quorum
292 900 449 932 custodie
472 899 628 942 deputati
658 904 737 931 sunt
759 908 822 931 ΧΠ.
854 898 900 930 de
924 898 1103 931 ditioribus
1133 903 1168 930 et
1191 897 1394 930 melioribus
1416 898 1612 931 hominibus
1637 899 1744 941 ipsius
1766 906 1869 932 terre.
1914 900 1959 932 Et

123 957 208 986 tunc
229 952 348 985 tabula
370 962 476 985 aurea
496 959 565 995 ‘que
587 957 667 984 ante
691 952 799 984 altare
822 951 916 984 beati
940 951 1123 984 Benedicti
1146 952 1192 983 ad
1217 956 1374 983 ornatum
1406 951 1467 983 diu
1495 957 1652 990 steterat,
1682 959 1716 985 et
1745 953 1814 985 alia
1841 953 1959 986 tabula

122 1012 290 1049 argentea
313 1006 430 1038 aitaris
452 1005 552 1038 beate
575 1004 700 1043 Marie,
723 1010 758 1037 et
778 1015 894 1047 ycona
917 1014 996 1036 cum
1019 1004 1149 1037 smaltis
1172 1015 1238 1047 que
1261 1013 1367 1046 super
1389 1003 1498 1037 altare
1521 1005 1638 1037 fuerat
1653 1005 1744 1038 beati
1760 1005 1958 1045 Benedicti,

122 1065 158 1092 et
180 1059 290 1092 omnis
312 1060 398 1092 alius
420 1059 600 1092 thesaurus
623 1058 732 1101 ipsius
747 1058 999 1090 monasterii-in
1017 1068 1102 1091 auro
1117 1062 1263 1101 argento
1277 1057 1403 1100 pannis
1417 1057 1536 1090 sericis
1551 1064 1586 1090 et
1601 1059 1775 1101 lapidibus
1789 1060 1960 1102 pretiosis,

39 1112 100 1148 ,15
124 1123 191 1145 nec
215 1123 286 1146 non
309 1119 344 1145 et
365 1112 508 1145 aliarum
529 1111 756 1145 ecclesiarum
779 1117 874 1143 terre
895 1111 1004 1153 ipsius
1025 1103 1225 1143 monasterii
1249 1110 1294 1144 ad
1319 1110 1485 1144 Sanctum
1508 1111 1717 1144 Germanum
1742 1112 1778 1144 in
1801 1114 1959 1155 predicta

122 1165 273 1200 ecclesia
295 1171 416 1199 sancte
441 1165 553 1198 Marie
575 1170 735 1208 portatur
757 1170 792 1196 et
822 1164 1026 1207 deponitur;
1058 1164 1157 1197 cuius
1188 1164 1341 1197 thesauri
1372 1164 1465 1206 capti
1487 1164 1531 1197 ab
1560 1164 1717 1197 ecclesiis
1739 1165 1855 1210 Regni
1878 1177 1959 1209 pars

121 1220 235 1262 pretio
259 1218 451 1258 redimitur,
474 1225 509 1251 et
536 1229 618 1261 pars
647 1218 781 1261 reliqua
811 1224 896 1260 aput
925 1223 1080 1250 sanctam
1111 1217 1259 1250 Mariam
1289 1218 1334 1251 de
1362 1218 1496 1261 Crypta
1524 1218 1656 1251 ferrata
1685 1219 1730 1251 ad
1760 1220 1957 1262 principem

124 1273 325 1315 deportatur
336 1271 360 1304 ⁸.

35 1346 38 1347 ν
209 1325 434 1358 Prenestinus
457 1325 644 1368 episcopus
666 1330 703 1358 et
725 1324 829 1358 oddo
853 1324 1042 1358 cardinalis
1065 1335 1143 1358 cum
1167 1324 1333 1368 magistro
1356 1324 1513 1357 Iohanne
1536 1325 1708 1358 Toletano
1736 1325 1799 1358 sub
1830 1326 1958 1359 ducatu

58 1379 101 1412 20
123 1379 302 1424 Tybboldi
325 1379 369 1412 de
392 1379 566 1423 Dragone,
590 1384 674 1421 aput
696 1377 819 1422 Tybur
841 1378 1012 1411 ducuntur
1024 1377 1046 1410 ⁴.

210 1432 334 1466 Mense
357 1431 572 1475 Septembris
594 1438 788 1465 uastatores
811 1437 895 1475 aput
917 1431 1068 1465 Insulam
1091 1431 1307 1475 congregati,
1332 1432 1495 1465 mandato
1518 1433 1657 1467 Cesaris
1678 1433 1715 1466 in
1736 1433 1881 1479 propria
1904 1444 1956 1466 re-

123 1491 314 1520 uertuntur.

211 1540 403 1583 Imperator
425 1539 512 1582 ipse,
535 1539 668 1573 relictis
690 1544 774 1582 aput
796 1538 919 1583 Tybur
941 1538 1005 1572 sub
1021 1539 1181 1573 custodia
1195 1549 1346 1577 suorum,
1362 1549 1450 1582 quos
1465 1539 1510 1572 ad
1526 1539 1708 1573 tuitionem
1724 1546 1759 1573 et
1773 1541 1957 1574 defensam

122 1593 274 1626 ciuitatis
297 1593 402 1636 ipsius
424 1593 623 1636 reliquerat,
646 1592 815 1636 episcopo
839 1599 874 1626 et
897 1592 1076 1626 cardinale
1099 1593 1279 1636 predictis,
1296 1603 1358 1636 per
1373 1593 1600 1636 Campaniam
1616 1594 1708 1627 redit
1722 1594 1758 1626 in
1774 1593 1958 1638 Regnum;

61 1646 102 1680 25
125 1652 160 1680 et
183 1647 328 1679 ueniens
350 1652 433 1689 aput
456 1646 604 1679 Insulam
629 1645 831 1686 Solaratam‚
854 1646 1029 1679 ciuitatem
1054 1657 1178 1680 nouam
1202 1647 1237 1678 in
1254 1647 1368 1679 fronte
1386 1646 1558 1689 Ceperani
1575 1648 1727 1680 construi
1749 1647 1855 1681 iubet.
1902 1647 1959 1681 Ad

124 1699 222 1733 cuius
245 1700 394 1732 ciuitatis
415 1699 658 1732 fundationem
681 1699 798 1733 statuit
821 1699 999 1732 dominum
1022 1700 1246 1744 Ryccardum
1269 1700 1314 1732 de
1335 1699 1559 1743 Montenigro
1576 1700 1851 1734 Terre-Laboris
1866 1701 1960 1735 iusti-

124 1753 271 1792 tiarium,
287 1759 322 1785 et
338 1753 480 1786 mandat
495 1758 532 1785 ut
548 1753 707 1786 homines
722 1752 834 1792 Arcis,
857 1753 979 1787 Sancti
997 1753 1160 1787 Iohannis
1175 1754 1219 1786 de
1235 1753 1406 1793 Incarico‚
1422 1754 1537 1786 Insule
1552 1754 1667 1796 pontis
1683 1753 1829 1787 Solarati
1846 1761 1882 1788 et
1895 1755 1961 1788 Pa-

215 1872 238 1890 1.
258 1866 401 1891 Moritur.
473 1864 629 1898 Gregorius
647 1867 693 1890 nel
709 1866 833 1899 margine
853 1870 957 1891 esterno
976 1867 1007 1891 di
1024 1875 1099 1891 mano
1119 1868 1165 1891 del
1181 1875 1231 1891 sec.
1260 1865 1336 1891 XVI
1356 1867 1419 1892 Cod.
1439 1880 1472 1884 —
1491 1874 1516 1898 4.
1535 1866 1641 1891 Eodem
1662 1873 1755 1892 mense
1773 1867 1854 1892 iussu
1873 1867 1959 1898 Uos„

126 1908 189 1932 Dm.
207 1907 252 1932 Ra
273 1921 304 1926 —-
322 1913 347 1939 5.
367 1910 398 1933 ut
418 1909 559 1932 intrarent
578 1907 764 1941 Campaniam
784 1908 870 1938 Uen„
888 1909 952 1933 Dm.
970 1908 1013 1933 Ra
1034 1922 1066 1926 —
1087 1908 1139 1941 6-7.
1164 1909 1195 1933 In
1221 1908 1408 1941 Septisolium
1434 1908 1588 1940 cluduntur
1614 1908 1772 1934 cardinales
1798 1910 1831 1934 ad
1858 1917 1959 1942 papam

127 1950 288 1975 faciendum
309 1954 405 1975 annoto
425 1952 470 1975 nel
486 1951 611 1982 margine
629 1954 733 1976 esterno
751 1952 780 1975 la
798 1959 874 1975 mano
892 1952 939 1975 del
957 1951 990 1976 X
994 1952 1034 1975 VI
1051 1950 1112 1976 Coti.
1139 1966 1171 1970 —
1196 1950 1221 1975 8.
1248 1951 1417 1983 Laugustam
1438 1950 1512 1976 Usu.
1532 1965 1565 1969 —
1590 1951 1646 1983 8-9.
1670 1952 1852 1976 ecclesiarum
1879 1954 1958 1985 regni

126 1991 287 2026 Capitaneo
306 1993 382 2016 iussu
403 1992 516 2017 Andree
536 1992 569 2017 de
588 1991 687 2018 Cicala.
707 2001 722 2017 a
739 1992 826 2018 Porta
845 1994 954 2023 Roseti,
968 2001 1053 2025 usque
1067 1993 1101 2018 ad
1114 1993 1182 2018 fines
1197 1993 1349 2025 capiuntur
1362 1993 1448 2024 Uen„
1460 1993 1523 2017 Dm.
1536 1993 1580 2018 Ru
1598 2006 1631 2011 —
1654 1993 1692 2017 18.
1713 1993 1864 2026 deputatur
1883 1995 1959 2019 Uen.

82 2039 96 2066 ς
127 2047 158 2053 -
181 2041 223 2059 22.
243 2034 361 2059 redeunt
380 2043 428 2059 uon
448 2037 628 2060 revertuntur
647 2034 733 2065 Uen„
755 2035 820 2060 Dm,
843 2035 889 2059 Ra
908 2049 916 2054 -
937 2036 1025 2060 Nota:
1042 2036 1218 2061 Thesaurum
1237 2034 1405 2060 Casinensis
1424 2036 1542 2060 ecclesie
1560 2036 1694 2060 abbatum
1715 2044 1766 2068 pro
1785 2037 1867 2061 rebus
1887 2037 1962 2061 mili-

127 2077 235 2102 taribus
254 2078 344 2102 scrive
363 2079 408 2102 nel
424 2078 548 2111 margine
566 2081 670 2103 esterno
689 2079 717 2103 la
734 2079 815 2103 solita
833 2087 909 2103 mano
927 2079 974 2103 del
989 2087 1041 2103 sec.
1062 2078 1136 2103 XVI
1153 2092 1183 2097 —
1206 2085 1246 2110 ²3·
1265 2078 1431 2110 Imperator,
1451 2078 1561 2103 relictis
1581 2078 1667 2109 UGH„
1685 2078 1748 2103 Dm.
1766 2078 1811 2103 Rn

124 2183 182 2201 non
202 2176 226 2200 si
245 2176 359 2200 sarebbe
378 2176 489 2201 salvata
501 2177 552 2201 che
566 2183 621 2201 una
635 2178 712 2201 torre
725 2178 808 2206 rotta,
822 2177 923 2202 durata
935 2185 1013 2202 come

124 2221 308 2243 monumento
327 2219 402 2243 della
421 2219 557 2244 vendetta
577 2220 734 2251 imperiale.

1068 2176 1081 2190 ⁸
1093 2178 1210 2202 ultioris
1227 2177 1350 2210 Augusti
1366 2179 1454 2202 metas
1467 2177 1623 2206 excederet,
1637 2178 1683 2209 qui
1698 2177 1859 2210 Augustum
1874 2178 1960 2202 offen-

1069 2220 1082 2233 “
1093 2220 1157 2245 dere
1178 2220 1322 2245 nltebatur
1334 2237 1356 2250 „.
1387 2220 1407 2244 E
1421 2222 1617 2252 soggiungeva
1636 2221 1686 2244 elie
1701 2219 1714 2233 ‘¹
1725 2221 1757 2245 ut
1769 2221 1848 2253 pacis
1866 2222 1961 2246 amico

66 2306 99 2324 10

20 2532 25 2550 ,-
66 2517 97 2544 1⁵

64 2730 98 2750 20

64 2941 95 2968 ²⁵

211 2260 220 2277 ¹
241 2260 383 2294 Gregorio
401 2261 442 2286 lx
461 2259 535 2286 morl
549 2262 570 2286 il
585 2268 626 2291 22,
641 2270 699 2287 non
713 2263 735 2287 il
750 2269 780 2288 π
795 2265 907 2296 agosto.
932 2263 1014 2287 MAT-

123 2309 241 2328 ·rnasus
259 2303 356 2334 Pinus,
377 2307 418 2334 op.
444 2303 499 2333 cit.⁷
525 2311 551 2336 p.
581 2309 660 2336 1574:
682 2304 791 2330 “Fama
883 2305 1015 2330 christia-

125 2344 251 2370 “norum
271 2345 389 2370 climata
409 2345 581 2378 pervolavit,
600 2346 675 2378 quod
702 2348 835 2372 dominus
854 2355 927 2380 papa
947 2347 1014 2372 Gre-

127 2388 140 2401 ⁴'
151 2389 249 2420 gorius
260 2406 266 2412 .
276 2406 282 2412 .
295 2405 300 2412 .
312 2404 320 2413 .
338 2394 371 2412 xx
390 2388 446 2412 kal.
466 2388 633 2420 septembris
647 2389 691 2420 (22
706 2389 761 2422 ag.)
775 2391 851 2415 vlam
865 2390 959 2415 carnis
972 2391 1015 2415 est

126 2430 363 2463 “ingressus....
383 2430 450 2455 Fuit
469 2437 541 2463 papa
559 2431 721 2456 calculosus
739 2434 767 2457 et
786 2432 869 2457 valde
883 2439 969 2457 senex
987 2434 1015 2457 et

127 2471 141 2486 a
151 2474 244 2498 caruit
262 2472 383 2502 balneis,
396 2473 499 2504 quibus
511 2472 623 2498 solebat
634 2472 760 2499 Vlterbii
773 2475 920 2500 confoveri
930 2492 954 2506 ,μ
973 2475 1014 2500 La

124 2515 212 2539 suessa
231 2515 298 2539 data
317 2517 340 2539 si
361 2517 444 2539 trova
468 2516 495 2539 in
516 2516 635 2540 Annales
655 2516 789 2546 Senenses,
808 2517 840 2541 ln
860 2518 900 2542 M.
925 2518 956 2542 G.
977 2517 1014 2542 H.

125 2557 186 2587 SS.‚
204 2557 278 2587 xix,
297 2564 323 2590 p.
343 2563 408 2590 2303
431 2558 577 2583 Chronicon
597 2559 626 2583 S.
644 2559 727 2583 Petri
738 2560 767 2583 in
780 2559 940 2589 Maxeras.
955 2561 1015 2586 Ser.

123 2607 180 2624 rer.
203 2599 302 2631 Germ„
321 2599 369 2628 111.
389 2607 416 2632 p.
437 2605 500 2632 2595
520 2600 672 2626 Nicotaus
689 2607 726 2626 nc
740 2600 864 2631 Cunero.
891 2603 950 2627 Vita
972 2603 1015 2627 In-

123 2642 239 2667 nocentia·
258 2643 307 2673 IV,
331 2643 345 2674 ἓ
371 2650 384 2676 5
412 2644 440 2667 ίη
467 2643 606 2672 ΒΑΜιτιο,
633 2644 722 2675 Alisca,
747 2643 808 2675 vn,
833 2653 860 2677 p.
884 2652 944 2678 355,
970 2645 1015 2670 ed.

123 2684 235 2714 Mauzx,
255 2685 275 2714 1,
295 2692 322 2718 p.
344 2692 407 2718 195:
429 2685 560 2710 “Nature
578 2686 674 2711 carnis
693 2685 819 2712 debitum
838 2687 954 2712 solvens
970 2687 1015 2718 15⁰

126 2725 319 2758 “pontificatu
337 2728 380 2751 sui
401 2734 486 2755 anno,
506 2734 600 2752 mense
618 2726 751 2759 Augusto
770 2729 871 2754 octava
889 2736 1014 2762 assump-

125 2767 139 2781 ¹¹
150 2769 241 2793 tionis
260 2769 340 2793 beate
354 2769 443 2794 Marie
456 2769 586 2801 vlrginis
598 2788 603 2793 .
615 2787 621 2793 .
633 2786 640 2794 .
651 2786 658 2794 .
671 2769 706 2794 de
719 2770 812 2795 medio
825 2772 868 2796 est
887 2771 1014 2796 sublatus

126 2808 178 2834 “et
197 2811 226 2834 in
245 2810 363 2836 ecclesia
381 2811 459 2836 beati
477 2811 555 2836 Petri
575 2811 731 2836 honorifice
749 2814 791 2836 est
810 2813 937 2845 sepultus
949 2829 972 2844 „-

211 2852 243 2876 In
257 2855 358 2884 questo
372 2853 476 2886 giorno
490 2853 682 2886 l’lmperatore
695 2861 744 2879 ers.
758 2853 770 2867 ⁴¹
781 2854 812 2880 in
825 2856 925 2880 castris
938 2856 1014 2889 apud

126 2893 340 2927 “Columpnam
353 2911 378 2928 „.
414 2895 544 2924 Qualche
563 2897 668 2928 giorno
691 2897 767 2928 dopo
792 2897 827 2922 da
851 2896 1015 2923 Grottsfer-

123 2938 184 2961 rata
203 2937 260 2968 egli
280 2937 306 2961 al
327 2943 356 2962 re
375 2937 576 2971 d’Inghilterra
595 2939 777 2963 annunzisvs
799 2939 827 2964 la
853 2941 944 2964 morte
969 2939 1014 2964 del

123 2985 196 3011 papa
216 2978 343 3004 “....ut
367 2980 416 3011 qul
436 2987 531 3013 pacem
557 2982 584 3005 et
611 2982 762 3005 tractatum
789 2982 866 3013 pacls
892 2982 1015 3014 recipere

125 3019 315 3053 “denegasse
334 3022 368 3046 ud
385 3022 573 3047 universalem
588 3023 795 3047 dissensionem
810 3024 950 3056 aspirans,
964 3025 1013 3048 vix

1069 2262 1082 2275 “
1093 2264 1121 2287 et
1134 2263 1249 2287 iusticie
1261 2262 1384 2287 zelatore
1400 2264 1429 2287 in
1442 2263 1495 2286 Dei
1509 2263 1627 2288 ecclesie
1641 2263 1807 2294 substituto,
1820 2264 1855 2288 ad
1870 2263 1960 2287 hono-

1069 2305 1082 2318 “
1092 2304 1260 2330 rificentism
1281 2305 1365 2329 nov1s
1379 2306 1469 2337 patris
1483 2305 1603 2330 devotus
1617 2304 1692 2329 filius
1707 2305 1899 2338 adsorgamus.
1909 2324 1914 2329 .
1924 2324 1929 2329 .
1940 2313 1961 2335 ,,;

1065 2346 1412 2375 Humano-Bassorum
1428 2347 1459 2378 V,
1476 2355 1502 2379 p.
1517 2346 1613 2379 163-7;
1633 2347 1770 2376 Bonum,
1790 2354 1836 2371 un.
1853 2353 1960 2380 3²24·5·

1155 2388 1166 2404 ²
1185 2390 1337 2414 Nrcomus
1355 2397 1392 2414 uu
1411 2388 1536 2418 Cunaro,
1554 2393 1596 2420 op.
1616 2397 1630 2414 e
1650 2389 1706 2414 loc.
1725 2389 1783 2420 cit.‚
1804 2390 1867 2414 dice
1888 2389 1961 2414 chei

1066 2432 1208 2457 cardinali
1229 2439 1278 2464 per
1297 2431 1448 2456 l‘elezione
1467 2431 1512 2456 del
1539 2439 1611 2464 papa
1640 2431 1694 2456 “in
1721 2432 1857 2456 carcerali
1883 2438 1961 2464 erga.-

1070 2475 1172 2499 “stulo
1191 2476 1258 2499 sunt
1277 2474 1381 2499 reclusi
1392 2492 1416 2505 η.

1154 2515 1165 2533 ³
1183 2517 1259 2541 Fine
1279 2517 1306 2542 al
1326 2522 1339 2547 5
1362 2517 1514 2542 settembre
1533 2516 1728 2550 l'lmperatore
1754 2517 1783 2541 di
1809 2517 1902 2541 sicuro
1928 2517 1962 2540 ri·

1068 2566 1143 2584 muse
1157 2567 1171 2584 a
1185 2558 1414 2586 Grottaferrataz
1428 2559 1655 2590 wirma-,Lusum
1670 2559 1689 2590 1,
1705 2566 1731 2591 p.
1745 2558 1811 2590 6633
1826 2559 1962 2589 ΒὸΗΜκκ,

1068 2611 1094 2627 n.
1120 2601 1198 2634 3228.
1235 2601 1511 2627 L’lncameramento
1536 2602 1580 2627 dei
1607 2603 1695 2627 tesorl
1721 2602 1794 2626 delle
1820 2601 1924 2626 Chiese
1948 2609 1962 2625 e

1067 2644 1113 2669 dei
1131 2644 1289 2670 Monasteri
1311 2646 1417 2669 mostra
1437 2646 1547 2677 quanto
1560 2652 1574 2668 e
1588 2652 1667 2668 come
1686 2645 1795 2668 sossero
1813 2645 1922 2668 esauste
1936 2643 1963 2667 le

1067 2687 1176 2711 finanze
1195 2687 1272 2711 dello
1290 2686 1384 2713 stato.

1154 2727 1166 2745 ⁴
1184 2729 1334 2761 Dlopoldo
1354 2729 1497 2762 Dragone,
1515 2737 1532 2753 o
1546 2728 1580 2753 de
1599 2728 1743 2760 Dragune,
1760 2726 1775 2752 ὲ
1794 2728 1963 2752 conoscluto

1066 2772 1103 2796 fin
1124 2772 1171 2796 dal
1194 2778 1262 2803 ¹²40
1280 2771 1324 2802 (22
1345 2770 1416 2804 apr.)
1435 2778 1517 2796 come
1537 2771 1706 2795 Castellano
1730 2771 1758 2795 di
1786 2770 1903 2803 Napoli,
1929 2769 1963 2795 ne

1066 2812 1081 2838 ὲ
1099 2820 1115 2838 a
1129 2814 1258 2838 dubitare
1272 2814 1322 2838 che
1335 2813 1393 2845 egil
1409 2814 1438 2836 in
1458 2813 1516 2837 tale
1529 2810 1639 2844 quanti
1653 2813 1688 2837 da
1701 2812 1807 2844 Napoli
1823 2812 1906 2837 abbia
1919 2820 1962 2836 ac-

1067 2857 1258 2888 compagnsto
1278 2863 1293 2880 a
1306 2855 1407 2880 Tivoli
1423 2855 1430 2878 i
1444 2855 1498 2879 due
1511 2854 1653 2879 cardinali
1673 2861 1688 2879 e
1702 2856 1824 2879 maestro
1838 2854 1964 2879 Giovan-

1068 2898 1099 2922 nl
1112 2897 1268 2926 Toietano3
1282 2897 1318 2921 cs.
1342 2903 1404 2928 170:
1428 2898 1500 2929 Reg.
1520 2897 1598 2921 Frid.
1617 2896 1734 2925 secundi,
1753 2896 1795 2920 ed.
1817 2895 1963 2924 Canium.

1068 2947 1094 2972 p.
1108 2947 1173 2972 400:
1195 2938 1542 2967 iiurr.1.A1³1›—Bnssuo1.¹.vs‚
1556 2939 1588 2966 V.
1604 2947 1631 2970 p.
1644 2945 1705 2970 3¹²·
1741 2937 1794 2963 Pis
1810 2938 1896 2967 tardi,
1917 2938 1963 2962 nel

1067 2988 1130 3014 ¹²43
1150 2982 1174 3006 si
1196 2984 1280 3006 trova
1302 2982 1412 3007 vicario
1431 2981 1563 3012 generale
1582 2981 1611 3005 di
1630 2980 1758 3013 Spoleto,
1782 2989 1796 3005 e
1822 2981 1867 3005 nel
1898 2980 1963 3013 1248

1068 3026 1191 3049 esattore
1210 3024 1239 3048 in
1262 3024 1407 3055 Abruzzog
1427 3024 1559 3053 nonnum,
1579 3031 1626 3048 nn.
1645 3029 1725 3056 3007.
1748 3023 1839 3057 13467,
1861 3022 1938 3055 3676.

1988 2271 2023 2295 30

1989 2482 2022 2508 35

1990 2692 2024 2717 40

1991 2903 2023 2931 45
