2320 3444
103 890 248 942 Inxgcentt'us
261 891 300 911 ΙΙΙ

153 1335 178 1353 23
192 1329 248 1350 iunii

339 363 499 403 nendam,
516 369 550 396 et
565 363 609 395 ad
626 374 668 396 ea
682 373 736 395 me
753 362 927 395 transfero
943 373 1010 404 que
1025 362 1179 405 priorum

337 423 529 459 temporum
563 416 720 449 obtulere
755 426 944 448 successus.
997 414 1178 457 Aperienti

337 470 484 512 prouide
507 470 542 501 in
565 468 765 512 parabolam
786 479 824 501 os
840 480 953 501 meum
970 469 1054 501 mihi
1071 479 1178 512 queso

338 523 464 555 bonum
479 522 624 556 obedire
641 522 863 565 suffragetur,
879 522 973 565 quod
989 533 1043 554 me
1055 533 1179 564 parere

337 576 482 617 imperio
507 575 671 617 compulit
693 574 908 616 imperantis.
951 574 1099 607 sumens
1115 575 1179 607 ita-

338 640 403 672 que
438 628 482 661 ab
515 629 665 660 aduentu
699 628 892 660 Innocentii
926 638 1016 670 pape
1049 627 1099 660 III
1134 629 1179 661 ad

337 682 500 715 Sanctum
526 681 736 714 Germanum
751 691 815 723 per
830 680 1014 713 cronicam
1030 680 1097 714 hoc
1114 681 1179 713 ini-

338 735 421 767 tium
445 745 610 766 annorum
633 744 697 776 per
712 734 869 766 ordinem
885 740 982 776 gesta
998 735 1180 777 sequentia

337 787 534 820 declarabo.

423 891 659 936 [MCC⁰V111⁰]
676 894 925 936 [IJnnocentius
939 894 990 926 III
1012 895 1178 927 memorie

336 947 522 979 recolende
535 946 661 980 Sancte
674 947 834 980 Romane
852 948 943 980 sedis
959 949 1179 982 uenerandus

336 1000 486 1038 antistes,
502 1000 538 1033 in
555 1000 652 1033 cuius
664 1001 774 1034 tutela
786 1010 830 1033 ex
841 1006 1047 1034 testamento
1061 1002 1179 1035 matris

335 1063 395 1085 sue
419 1053 621 1086 Constantie
644 1065 706 1087 rex
738 1054 972 1096 F[redericus]
1004 1064 1093 1097 puer
1122 1066 1176 1087 re-

335 1117 508 1150 gnumque
532 1113 755 1146 remanserat,
778 1107 814 1139 in
839 1108 986 1140 honesto
1004 1108 1085 1141 satis
1101 1119 1178 1141 car-

336 1159 497 1192 dinalium
522 1166 556 1192 et
578 1160 723 1193 aliorum
747 1160 959 1203 prelatorum
983 1167 1018 1194 et
1033 1162 1176 1194 militum

335 1213 499 1245 comitatu
514 1224 578 1256 per
593 1213 819 1256 Campaniam
837 1214 935 1247 uenit
950 1215 995 1247 ad
1011 1214 1176 1248 Sanctum

335 1266 544 1299 Germanum
579 1277 696 1299 mense
730 1267 821 1300 Iunii
857 1267 892 1299 in
927 1268 1047 1311 uigilia
1083 1268 1175 1302 beati

335 1319 497 1352 Iohannis
519 1320 687 1362 Baptiste3
711 1320 769 1352 ubi
791 1321 975 1364 magnifice
1000 1331 1019 1353 a
1035 1321 1177 1355 domino

334 1373 499 1406 Roffrido
522 1379 604 1405 tunc
632 1373 815 1407 Casinensi
846 1373 970 1406 abbate
1001 1381 1176 1418 receptus,

335 1425 620 1459 conuenientibus
643 1426 688 1458 ad
709 1437 747 1459 se
770 1437 873 1469 quam
896 1427 1054 1469 pluribus
1076 1430 1175 1472 regni

333 1479 475 1521 prelatis
497 1484 599 1522 atque
623 1480 850 1523 magnatibus,
874 1490 951 1512 cum
974 1481 1100 1523 quibus
1131 1482 1175 1514 de

333 1542 497 1565 succursu
528 1533 619 1575 regis
642 1533 810 1575 predictis
833 1533 1015 1576 disposuit,
1038 1535 1175 1568 nobiles

333 1586 426 1618 uiros
448 1585 588 1617 Petrum
612 1585 732 1618 Gelani
761 1592 796 1618 et
819 1587 1033 1619 Riccardum
1062 1588 1175 1621 Fundi

333 1638 474 1671 comites
504 1639 705 1681 capitaneos
736 1639 912 1673 ordinauit
925 1639 945 1672 ¹.
993 1639 1065 1679 Qui
1096 1652 1173 1674 cum

330 1692 366 1723 in
389 1691 461 1724 eius
483 1692 660 1734 presentia
682 1692 906 1726 iureiurando
929 1704 967 1726 se
997 1705 1106 1738 usque
1129 1696 1174 1728 ad

331 1755 456 1777 annum
494 1745 559 1787 ipsi
591 1745 665 1789 regi
700 1755 904 1779 succurrere
943 1748 1174 1789 personaliter

331 1797 566 1830 astrinxissent
589 1798 762 1841 episcopis
784 1799 820 1831 in
843 1810 906 1832 sua
923 1810 1002 1833 cum
1033 1800 1174 1834 licentia

329 1851 564 1890 redeuntibus,
587 1862 678 1894 papa
707 1853 777 1884 iam
809 1853 923 1886 dictus
954 1854 1014 1896 qui
1043 1864 1172 1887 moram

329 1915 393 1947 per
408 1915 561 1937 mensem
577 1910 612 1937 et
627 1905 775 1948 amplius
790 1906 936 1945 fecerat,
952 1918 1017 1950 per
1031 1907 1172 1941 Atinum

330 1957 418 1990 Sora
440 1968 476 1990 se
499 1958 660 1997 contulit;
692 1970 795 2002 quam
826 1967 1034 1994 memoratus
1064 1961 1173 1994 abbas

329 2011 517 2044 Roffridus
540 2022 653 2045 mense
678 2013 828 2045 Ianuarii
850 2015 1073 2056 precedente,
1097 2016 1173 2059 qui-

329 2063 473 2097 busdam
497 2065 541 2097 de
565 2065 652 2098 Sora
667 2067 736 2099 hoc
752 2067 1018 2108 procurantibus
1034 2069 1170 2102 cuidam

332 2116 488 2150 Corrado
511 2118 706 2151 Teutonico
723 2119 782 2162 qui
797 2130 872 2152 eam
887 2120 1040 2160 tenebat,
1055 2122 1172 2155 abstu-

329 2170 426 2210 lerat,
450 2177 485 2202 et
507 2170 620 2204 eidem
647 2182 738 2214 papa
767 2173 946 2206 Riccardo
977 2175 1173 2209 contulerat

329 2223 428 2255 fratri
446 2234 524 2261 suo;
541 2224 694 2267 indeque
710 2232 787 2267 post
802 2227 977 2260 modicum
993 2239 1056 2271 per
1070 2228 1172 2262 Cam-

329 2276 463 2318 paniam
487 2278 655 2310 remeauit
678 2279 722 2310 ad
746 2279 888 2318 Urbem,
904 2287 1003 2323 parte
1019 2282 1171 2315 thesauri

328 2329 380 2361 sui
410 2340 478 2362 non
513 2330 649 2363 modica
679 2343 742 2374 per
772 2344 893 2366 manus
923 2333 1093 2377 Stephani
1124 2337 1169 2369 de

328 2382 525 2416 Fossanoua
555 2390 636 2417 tunc
667 2386 832 2427 temporis
861 2388 1041 2420 camerarii
1075 2391 1168 2432 apud

416 2538 440 2562 3.
459 2531 489 2555 di
500 2531 593 2562 prima
618 2540 693 2557 mano
712 2540 788 2558 meus
812 2547 846 2552 —-
869 2533 894 2560 8.
913 2543 1031 2561 auorum
1052 2538 1117 2563 Cod.
1136 2553 1167 2557 —

331 2579 370 2605 19.
389 2571 526 2597 Rom-ino
547 2574 610 2598 Cod.
636 2587 645 2592 -
672 2577 799 2607 receptus
825 2575 918 2602 GAUD.
944 2591 976 2596 —
1002 2585 1045 2612 27.
1064 2581 1168 2605 astrin-

329 2616 418 2639 xisset
438 2615 502 2639 (Σινά.
522 2628 553 2633 -
573 2622 616 2648 30.
636 2616 733 2641 Soram
754 2617 850 2643 Gau».
871 2632 903 2637 —
924 2626 967 2652 31.
986 2621 1132 2647 Roffrinus

417 2716 425 2733 ¹
446 2719 565 2743 Annales
593 2720 761 2749 Cannenses,
786 2722 827 2745 Μ.
859 2722 888 2747 G.
914 2722 953 2748 H.
979 2723 1038 2753 SS„
1058 2724 1132 2755 XIX,
1153 2733 1221 2758 319:

330 2757 450 2783 “Mense
468 2759 544 2784 Iunii
565 2761 685 2786 domnus
705 2769 778 2794 papa
797 2762 899 2787 Urbem
920 2765 1017 2789 exiens
1039 2765 1073 2790 ad
1086 2766 1220 2792 Sanctum

331 2799 529 2826 “Germanum
548 2804 707 2833 contendit,
726 2807 948 2838 convocatisque
969 2807 1039 2831 illuc
1066 2810 1222 2835 comitibus

331 2840 344 2854 “
355 2844 382 2866 et
396 2844 573 2875 magnatibus
586 2847 676 2877 regni,
689 2847 723 2870 de
736 2847 833 2871 domni
846 2849 920 2880 regis
933 2849 1075 2874 Frederici
1088 2858 1220 2876 succursu

329 2883 380 2908 “et
398 2885 479 2916 regni
499 2893 565 2917 pace
584 2889 728 2918 tractavit,
747 2890 915 2915 constitutis
934 2890 970 2915 ad
989 2891 1042 2916 hoc
1060 2894 1219 2924 capitaneis

330 2924 343 2937 “
353 2927 380 2950 et
394 2927 539 2958 magistris
555 2929 719 2954 iustitiariis
733 2931 839 2964 Apulie
858 2933 885 2956 ct
905 2934 979 2957 terre
998 2932 1118 2958 Laboris
1131 2937 1219 2960 comi-

272 2975 303 2993 10
330 2966 380 2991 “te
399 2967 498 2993 Petrus
508 2969 539 3002 (Σ)
558 2970 709 2996 Celanensi
730 2975 758 2997 et
777 2975 880 2999 comite
900 2973 1048 3007 Ryccardo
1067 2976 1217 3007 Fundano,

330 3008 456 3035 “deinde
481 3014 604 3036 montem
632 3012 766 3038 Casinum
794 3015 915 3040 domnus
941 3024 1014 3050 papa
1039 3020 1215 3052 conscendit,

787 230 1075 266 RYCCARDI
1103 231 1176 265 DE
1204 228 1424 267 SANCTO
1455 228 1731 265 GERMANO

1245 893 1284 926 10

1245 1160 1281 1192 15

1239 1429 1281 1461 20

1237 1695 1278 1729 25

1235 1966 1278 1998 30

1233 2231 1274 2265 35

1274 2896 1386 2920 stiziere
1405 2896 1436 2921 di
1454 2896 1558 2929 Pugiia
1577 2905 1591 2922 e
1610 2898 1698 2923 Terra
1716 2898 1746 2922 di
1772 2897 1888 2922 Lavoro
1913 2898 1972 2922 fino
1997 2898 2045 2923 dal
2072 2904 2086 2930 5
2113 2899 2170 2924 dle.

1276 2937 1360 2970 1206;
1391 2938 1558 2968 Porrmxsr,
1590 2947 1618 2964 n.
1644 2946 1731 2973 29²0}
1755 2939 1898 2965 Riccardo
1924 2939 2062 2973 d’Aquils
2086 2942 2171 2966 conte

1273 2978 1302 3004 di
1324 2980 1416 3005 Fondi
1438 2982 1594 3013 apparisce,
1613 2980 1740 3007 oltreche
1757 2984 1904 3015 capitano,
1923 2984 2044 3008 maestro
2066 2983 2169 3016 giusti·

1272 3021 1346 3046 ziere
1366 3029 1447 3047 verso
1467 3022 1488 3047 il
1511 3030 1542 3056 14
1562 3031 1622 3057 apr.
1643 3030 1725 3056 12093
1746 3025 1874 3049 Boanum
1892 3032 1956 3054 ecc..
1977 3033 2003 3050 n.
2024 3024 2086 3057 603.

1279 2726 1401 2759 “ibique
1420 2728 1517 2752 dlebus
1539 2729 1638 2753 multis
1657 2730 1776 2762 propter
1794 2728 1975 2753 clementiam
1995 2730 2052 2754 eris
2072 2731 2174 2756 immo-

1277 2768 1387 2801 “ratus,
1409 2778 1423 2794 a
1443 2770 1690 2803 predecessoribus
1709 2773 1769 2795 suis
1789 2771 1902 2795 indulta
1920 2773 2096 2802 monasterio
2114 2773 2173 2805 prl-

1277 2809 1291 2823 ‘¹
1303 2810 1410 2844 vilegla
1429 2813 1582 2838 renovavit
1591 2829 1688 2845 ......

1873 234 1959 269 [ΑΛ.
1979 234 2177 271 1207012031

1425 893 1613 927 Millesimo
1644 894 1830 928 CC⁰V111⁰.
1875 895 1999 928 Mense
2030 896 2181 931 Ianuarii

1338 947 1374 979 in
1395 947 1518 992 uigilia
1539 946 1749 992 Epyphanie
1772 948 1957 981 Roffridus
1980 949 2180 983 Casinensis

1337 1000 1445 1034 abbas
1466 1002 1622 1044 superius
1644 1008 1863 1040 memoraturi,
1882 1004 2103 1047 congregatis
2115 1003 2182 1037 mi-

1336 1054 1455 1088 litibus
1486 1060 1521 1087 et
1551 1055 1785 1088 seruientibus
1807 1062 1899 1089 terre
1922 1066 1984 1089 sue
2015 1063 2051 1090 et
2079 1057 2182 1091 baro-

1336 1118 1417 1140 num
1451 1109 1786 1151 circumpositorum‚
1819 1110 1879 1153 qui
1909 1110 1974 1143 sibi
2005 1121 2049 1144 ex
2069 1111 2182 1157 gratia

1336 1161 1484 1195 libenter
1515 1161 1804 1205 obsequebantur,
1827 1174 1897 1196 una
1927 1175 2007 1197 cum
2032 1164 2181 1198 dominis

1336 1215 1467 1259 Aquini
1489 1221 1524 1248 et
1546 1215 1720 1260 Malgerio
1743 1214 1880 1250 Sorello
1896 1217 2074 1251 ciuitatem
2090 1216 2178 1252 Sore
2188 1216 2222 1264 (ξ’
2237 1228 2247 1234 ·

1335 1267 1604 1311 procurantibus
1615 1270 1684 1302 hoc
1697 1270 1904 1312 quibusdam
1920 1271 2027 1313 ipsius
2042 1270 2180 1305 abbatis
2188 1270 2246 1292 5⁰⁷⁸
2279 1307 2286 1317 ἱ,

1337 1321 1604 1365 consanguineis
1627 1322 1685 1365 qui
1711 1323 1755 1355 de
1773 1323 1862 1356 Sora
1878 1330 1986 1364 erant,
2010 1330 2180 1359 nocturno

1336 1382 1492 1418 tempore
1519 1375 1635 1415 intrat,
1659 1386 1803 1420 eamque
1827 1377 1872 1409 ad
1896 1388 1983 1420 opus
2004 1377 2132 1421 recipit
2146 1383 2182 1412 et

1335 1429 1537 1462 fidelitatem
1561 1430 1760 1463 Innocentii
1791 1440 1894 1473 pape.
1942 1429 2013 1470 Qui
2043 1431 2080 1464 in
2102 1441 2182 1466 suc-

1336 1493 1473 1516 cursum
1497 1482 1632 1516 abbatis
1654 1483 1762 1526 ipsius
1778 1484 1881 1517 mittit
1902 1483 2119 1528 Stephanum
2136 1485 2181 1519 de

1335 1536 1535 1569 Fossanoua
1558 1537 1786 1570 camerarium
1810 1548 1908 1570 suum
1924 1548 2003 1571 cum
2027 1538 2181 1575 exfortio

1334 1589 1478 1622 militum
1503 1590 1776 1633 Campanorum3
1801 1591 1859 1634 qui
1883 1590 2083 1625 Conradum
2096 1597 2182 1627 tunc

1334 1642 1421 1676 Sore
1452 1644 1613 1676 comitem
1641 1654 1678 1676 se
1706 1644 1743 1676 in
1779 1644 1916 1678 Sorella
1948 1645 2174 1689 recipientem
2183 1643 2262 1694 ᾖς’-ς,

1333 1702 1444 1729 arctat
1471 1702 1507 1729 et
1536 1696 1683 1736 obsidet,
1714 1704 1750 1731 et
1777 1698 1865 1731 male
1896 1698 1962 1732 sibi
1991 1704 2176 1733 canentem
2189 1699 2252 1720 '¹¹¹⁶
2274 1711 2283 1727 ν

1333 1749 1425 1782 intus
1448 1748 1617 1783 Sorellam
1641 1751 1748 1793 cepit,
1772 1751 1830 1795 qui
1853 1762 1917 1795 pro
1933 1762 1996 1785 sua
2017 1753 2181 1796 redemp-

1332 1802 1426 1835 tione
1448 1813 1589 1836 roccam
1613 1803 1716 1836 Arcis
1741 1804 1778 1836 in
1801 1815 1923 1838 manus
1955 1805 2042 1839 dicti
2063 1816 2180 1840 came-

1331 1855 1411 1888 rarii
1435 1856 1637 1900 resignauit.
1684 1857 1786 1891 Tunc
1810 1858 1916 1891 etiam
1946 1858 2120 1893 Broccum
2144 1865 2180 1894 et

1332 1909 1494 1942 Pesclum
1518 1909 1680 1943 Solidum
1712 1911 1836 1945 amisit.
1882 1912 1935 1946 Eo
1959 1922 2050 1946 anno
2074 1913 2179 1947 Inno-

1332 1962 1467 1996 centius
1499 1973 1593 2007 papa
1631 1964 1668 1996 in
1706 1965 1827 2009 uigilia
1863 1966 1976 1999 sancti
2014 1966 2180 2000 Iohannis

1331 2016 1486 2059 Baptiste
1520 2027 1638 2051 mense
1673 2018 1764 2051 Iunii
1797 2019 1898 2052 uenit
1929 2019 1973 2052 ab
2002 2019 2100 2053 Urbe
2130 2019 2252 2067 adfg’:

1332 2070 1498 2104 Sanctum
1529 2071 1753 2110 Germanum,
1783 2072 1844 2105 ubi
1866 2071 1911 2105 ab
1941 2072 2020 2115 ipso
2049 2073 2178 2107 abbate
2188 2075 2250 2127 εἰ,
2282 2092 2286 2122 1

1331 2123 1500 2157 Roffrido
1533 2125 1717 2168 magnifice
1756 2132 1919 2168 receptus
1950 2132 2013 2166 est,
2043 2133 2078 2160 et
2106 2126 2286 2175 ω’ἄὲ“

1330 2177 1404 2219 ipse
1428 2188 1530 2221 quam
1555 2178 1679 2211 fratres
1700 2178 1753 2211 sui
1776 2179 1908 2212 domini
1930 2180 2124 2214 cardinales
2138 2180 2247 2231 ina
2279 2180 2281 2183 ⁴

1331 2231 1537 2264 necessariis
1574 2232 1734 2265 omnibus
1763 2232 1954 2266 honorifice
1986 2234 2175 2278 procurati.

1331 2284 1433 2316 Tunc
1456 2284 1634 2317 uenientes
1657 2286 1702 2317 ad
1724 2286 1836 2328 ipsum
1860 2285 1985 2319 Petrus
2008 2286 2053 2320 de
2075 2287 2258 2335 Cela-{2¹2⁸-
2274 2291 2283 2313 -ῗ

1331 2347 1375 2370 no
1392 2343 1427 2370 et
1444 2337 1638 2371 Riccardus
1662 2339 1851 2372 Fundanus
1868 2340 2013 2372 comites
2028 2350 2107 2373 cum
2122 2339 2256 2389 eisdffiss‘c-
2274 2346 2276 2351 '

1331 2391 1374 2423 de
1397 2401 1566 2424 succursu
1588 2391 1681 2434 regis
1712 2393 1831 2425 statuit
1862 2394 1891 2426 F
1893 2393 2046 2426 rederici
2071 2397 2106 2434 et
2128 2393 2173 2426 de
2183 2400 2277 2442 ‘gf

2174 2447 2254 2470 uertet.
2277 2446 2281 2467 J

1361 2853 1458 2878 Pietro
1478 2856 1562 2879 conte
1580 2855 1611 2880 di
1631 2855 1741 2880 Celano
1760 2857 1864 2888 spunta
1878 2862 1956 2880 come
1970 2858 2094 2881 maestro
2107 2856 2172 2889 glu-
2201 2861 2233 2889 ¹⁵
2257 2842 2259 2847 .
2317 2851 2319 2878 ¹3
