2320 3444
131 212 182 250 [A.
204 213 299 247 ¹22⁵]
400 222 402 224 ·
917 203 1121 239 CHRONI
1127 203 1199 237 CA
1906 195 1976 230 133

134 342 150 359 “
162 339 361 383 lempnibus
372 338 466 371 intra
478 337 657 371 missarum
673 336 881 380 sollempnia
897 342 977 379 post

60 393 150 433 ηιν“
163 393 262 437 pacis
283 393 439 426 osculum
473 397 551 425 ante
585 390 835 433 sumptionem'
866 389 977 422 hostie

135 448 151 466 ⁸
163 445 323 479 salutaris
338 458 358 479 a
375 446 514 479 clericis
530 444 601 477 alta
616 455 706 477 uoce
721 449 883 477 cantetur
897 453 976 474 cum

137 502 152 518 ‘⁴
164 499 320 533 oratione
344 510 387 532 ac
410 500 486 532 aliis
502 498 813 541 sollempnitatibus
830 507 977 530 consue-

137 553 219 591 “tis‚
243 558 278 585 et
299 553 446 596 singulis
478 552 651 585 mensibus
675 552 734 584 fiat
755 550 864 583 semel
897 560 979 592 pro·
1065 548 1082 580 5

138 606 277 640 “cessio
313 607 489 651 generalis
533 616 688 638 seorsum
729 603 909 636 mulierum
944 608 980 635 et

138 662 318 693 ‘seorsum
356 660 511 693 uirorum
546 659 676 691 deuota
710 656 903 690 orationum
927 655 979 688 in-

137 713 293 747 “stantia
314 713 585 756 supplicantium
607 717 645 744 ut
666 710 863 743 misericors
885 709 980 741 Deus

137 769 152 786 ‘⁶
165 773 294 800 terram
310 767 346 800 in
363 777 431 811 qua
446 766 609 798 uniuersa
625 763 841 797 redentionis
863 767 978 794 nostre

138 823 383 854 “sacramenta
405 819 540 863 peregit
569 817 718 851 liberare
749 817 912 860 dignetur
935 814 979 847 de
1047 815 1085 846 10

138 874 326 907 “manibus
348 884 563 918 paganorum
596 881 742 914 eamque
773 869 819 902 ad
841 868 980 901 laudem

140 930 205 962 “et
227 928 374 972 gloriam
405 927 552 960 nominis
581 925 634 958 sui
657 923 769 956 sancti
799 922 981 955 restituere

139 983 154 1000 ⁸
167 981 297 1025 populo
322 980 522 1018 christiam,
559 978 700 1021 prouiso
722 982 761 1009 ut
783 986 923 1017 semper
945 974 981 1006 in

137 1035 244 1078 ‘ipsa
266 1034 490 1077 processione
505 1031 650 1065 uerbum
666 1029 844 1069 salutifere
868 1027 982 1061 crucis

138 1089 153 1106 “
168 1099 246 1121 cum
269 1086 489 1130 indulgentia
510 1085 639 1128 populo
663 1087 889 1127 proponatur.
934 1080 983 1114 Ut
1049 1080 1087 1113 15

140 1141 216 1175 “hii
244 1141 303 1184 qui
333 1139 379 1173 ad
411 1140 524 1182 ipsam
555 1137 815 1181 processionem
854 1136 982 1168 deuote

140 1196 156 1213 ‘⁶
167 1193 396 1228 conuenerint
419 1191 588 1236 spirituali
604 1190 738 1234 premio
753 1189 983 1234 gratulentur,

141 1249 228 1281 “fiat
250 1247 301 1279 eis
327 1252 556 1290 peccatorum
586 1243 743 1277 remissio
779 1243 823 1275 de
859 1241 984 1286 quibus

141 1303 252 1335 “uere
266 1305 347 1333 sunt
370 1299 526 1333 confessi
547 1304 584 1331 et
607 1296 762 1335 contriti,
786 1306 853 1339 que
866 1302 981 1329 tamen

141 1357 157 1374 ‘⁴
170 1364 204 1389 X.
221 1354 354 1387 dierum
376 1363 555 1386 numerum
578 1362 650 1384 non
672 1350 832 1389 excedat,
846 1358 985 1392 premo·
1047 1348 1089 1379 20

142 1408 253 1441 “nitis
286 1412 325 1440 ut
356 1406 524 1440 ieiunium
555 1410 591 1437 et
621 1403 871 1447 helymosinam
905 1411 983 1434 ora-

143 1462 257 1495 “tioni
287 1461 513 1504 coniungant,
543 1465 582 1492 ut
605 1458 674 1491 hiis
704 1456 803 1501 quasi
835 1455 986 1500 geminis

143 1516 236 1549 “alis
257 1514 407 1549 celerius
436 1513 533 1546 uolet
559 1512 636 1555 ipsa
667 1511 779 1544 oratio
802 1510 848 1542 ad
871 1508 986 1552 puris-

141 1570 157 1587 “
170 1570 275 1602 simas
297 1577 398 1601 aures
419 1567 496 1599 Dei.
542 1566 583 1598 In
598 1565 667 1598 illis
689 1570 805 1598 autem
827 1562 986 1596 ecclesiis

144 1623 209 1655 “in
231 1621 357 1666 quibus
380 1619 569 1654 conueniet
602 1617 780 1662 processio
812 1615 987 1661 generalis
1049 1614 1090 1648 25

142 1676 316 1710 “truncus
339 1683 516 1708 concauus
547 1676 746 1715 apponatur
770 1670 808 1703 in
831 1679 901 1713 quo
924 1679 985 1712 po-

145 1731 160 1749 “
173 1734 299 1762 uantur
322 1726 549 1772 helymosine‚
565 1725 659 1769 [que]
680 1723 716 1756 in
731 1723 844 1756 Terre
866 1727 986 1755 sancte

145 1785 160 1802 ⁸
172 1783 362 1817 subsidium
381 1779 635 1815 conuertende3
652 1783 756 1821 prout
773 1777 858 1809 alias
871 1775 988 1819 proui-

143 1838 159 1855 “
173 1848 247 1870 sum
270 1835 388 1869 extitit
417 1838 588 1867 statuatur
619 1830 754 1864 duobus
775 1830 918 1864 clericis
945 1840 986 1862 ac

145 1892 161 1909 ⁸
175 1889 312 1925 duobus
325 1887 437 1933 laycis
448 1887 584 1930 integre
596 1885 668 1918 uite
681 1895 722 1918 ac
734 1884 829 1917 fame
843 1883 888 1915 ad
903 1892 988 1915 con·
1051 1883 1093 1915 30

146 1943 379 1976 “firmandum
403 1940 599 1974 oblationes
621 1939 715 1982 ipsas
730 1943 763 1971 et
785 1937 855 1970 alia
878 1937 989 1979 depu-
1035 1962 1038 1964 v

146 1999 161 2015 “
175 2002 247 2030 tata
270 1995 429 2029 eiusdem
453 1994 565 2027 Terre
595 1998 716 2026 sancte
745 1989 900 2024 subsidio
927 2000 990 2033 per

144 2050 160 2067 ‘⁴
174 2050 400 2084 diocesanum
417 2048 486 2080 loci
503 2058 583 2080 cum
598 2046 859 2089 predicatorum
876 2043 991 2076 crucis

145 2102 323 2136 “consilio
358 2100 578 2144 deputandis.
623 2098 682 2132 Ad
713 2099 780 2131 hoc
807 2098 991 2130 inouantes

147 2155 412 2200 “indulgentias
434 2154 480 2187 ad
502 2153 610 2196 ipsius
625 2153 737 2186 Terre
760 2158 880 2184 sancte
903 2150 990 2183 libe·
1053 2148 1095 2182 35

146 2210 347 2243 “rationem
372 2206 609 2240 laborantibus
632 2205 714 2238 olim
731 2204 775 2238 ab
798 2205 992 2247 apostolica

146 2264 162 2281 ‘⁶
174 2264 257 2297 sede
280 2263 394 2295 factas
416 2266 452 2293 et
474 2260 653 2293 roboratas
666 2260 703 2291 in
719 2258 870 2292 concilio
885 2268 991 2302 gene-

148 2317 241 2350 “rali
273 2317 318 2349 de
349 2313 622 2357 omnipontentis
651 2313 719 2346 Dei
753 2311 992 2345 misericordia

149 2372 164 2389 “
177 2376 212 2404 et
235 2369 415 2403 beatorum
432 2365 553 2410 P[etri]
568 2372 603 2400 et
617 2366 742 2408 P[auli]
759 2365 991 2409 apostolorum

149 2426 164 2444 ⁸
177 2425 249 2458 eius
265 2422 471 2456 auctoritate
489 2420 621 2458 confisi,
638 2419 796 2453 omnibus
812 2419 871 2463 qui
887 2428 991 2460 prop·
1056 2418 1098 2450 40

150 2480 165 2496 ¹⁴
178 2484 233 2511 ter
255 2477 324 2509 hoc
347 2473 596 2508 transfretandi
611 2472 767 2506 laborem
783 2473 819 2505 in
835 2471 993 2515 personis

150 2534 165 2550 “
179 2529 331 2574 propriis
346 2527 516 2561 subierint
532 2532 567 2560 et
583 2526 759 2569 expensis,
775 2531 811 2559 et
825 2525 893 2558 illis
907 2534 994 2568 quo-

151 2587 166 2603 “
179 2594 247 2628 que
270 2583 331 2626 qui
354 2581 450 2624 [non]
474 2580 507 2614 in
531 2579 684 2623 propriis
699 2579 867 2622 personis,
890 2584 942 2611 set
957 2578 993 2610 in

149 2639 165 2657 ⁸
179 2638 248 2671 suis
271 2638 450 2670 dumtaxat
472 2633 638 2676 expensis
666 2633 762 2667 iuxta
789 2632 994 2665 facultatem

149 2692 164 2709 ⁸
179 2698 215 2726 et
237 2690 436 2734 qualitatem
460 2698 557 2720 suam
586 2687 681 2719 uiros
707 2687 864 2730 ydoneos
887 2685 993 2718 desti·
1059 2683 1100 2717 45

151 2746 167 2763 ⁴⁶
184 2743 354 2785 nauerint‚
378 2752 444 2775 nec
463 2751 533 2774 non
550 2746 584 2773 et
602 2739 670 2771 illis
686 2739 745 2782 qui
760 2738 844 2772 licet
859 2738 895 2771 in
911 2738 995 2770 alie-

151 2797 166 2814 “
180 2797 233 2830 nis
256 2796 429 2840 expensis,
454 2795 491 2828 in
514 2793 667 2838 propriis
698 2799 812 2825 tamen
837 2792 996 2836 personis

237 2919 261 2938 2.
281 2914 330 2938 aut
349 2921 398 2938 non
417 2913 486 2937 ante
505 2910 601 2936 Gaun.
622 2924 653 2928 —
671 2908 710 2936 18.
725 2909 873 2942 quibusve,
886 2913 996 2941 capaneo

150 2965 184 2984 ve
205 2959 269 2984 Cod.
290 2971 322 2976 —
342 2957 384 2983 28.
404 2958 471 2982 sunt
491 2964 541 2982 non
561 2955 719 2980 subsidium
742 2955 807 2980 Cod.
826 2967 857 2972 —
872 2960 915 2987 37.
929 2962 997 2980 con-

150 3003 220 3029 sillo
242 3003 305 3028 Cod.
