2320 3444
44 837 103 888 1,,10

39 1079 53 1128 ³ss
64 1103 104 1137 15

62 1373 105 1405 20

86 2301 101 2329 S

31 2512 105 2532 ιο

23 2845 28 2854 n
4 2828 15 2837 δ
5 2791 18 2806 ιτ
1 2749 26 2778 ηιξ
3 2544 28 2743 ᾞὝῗῖῑῗ-,φᾞ
4 2402 28 2540 ς’ᾰὲαεζ11νκῇ,

32 2897 36 2905 v
34 2838 40 2850 q
31 2779 40 2802 ⁸,
34 2706 38 2730 Α,
29 2544 47 2681 -2-*⁴=-,⁶„<
33 2463 38 2479 ,-
31 2402 33 2416 A„

901 225 1187 262 CHRONICA

1888 226 1958 262 163

213 357 402 392 Bertoldus
423 358 535 392 frater
557 358 656 391 ducis
678 357 812 401 Spoleti
834 368 872 392 se
895 359 931 390 in
954 358 1118 391 Marsiam
1141 358 1298 397 contulit,
1321 357 1537 401 Imperatore
1559 357 1762 391 mandante'
1777 357 1796 391 ¹.

211 411 408 453 Imperator
429 423 450 444 a
473 412 603 445 Sancto
634 411 771 444 Thoma
801 421 945 444 mouens
970 418 1082 444 castra
1107 422 1169 443 sua
1192 421 1276 443 xlm
1298 412 1423 444 mensis
1445 411 1618 450 Octobris,
1641 411 1759 454 pluvia
1781 412 1961 455 ingruente

123 475 283 498 reuersus
307 470 359 497 est
382 466 428 498 ad
450 464 618 498 Sanctum
642 465 864 503 Germanum,
886 465 1006 508 ibique
1029 475 1093 507 per
1115 465 1192 497 dies
1214 470 1347 506 septem
1364 475 1492 497 moram
1517 464 1662 503 faciens,
1677 465 1760 498 inde
1784 464 1960 509 digressus

125 524 187 557 est,
209 517 276 550 iter
299 518 434 550 faciens
456 529 577 551 uersus
600 517 789 561 Aquinum,
812 528 890 549 suas
919 517 1012 550 orbis
1042 517 1262 560 principibus
1293 518 1446 561 dirigens
1475 518 1711 551 excusatorias
1740 529 1846 561 super
1868 519 1963 551 facto

43 570 102 604 2²5
125 571 239 604 Terre
268 578 400 611 sancte,
431 582 535 614 super
567 582 635 615 quo
664 571 776 614 ipsum
807 572 897 603 falso
924 571 1096 604 detulerat
1126 571 1324 613 patriarcha
1354 571 1684 604 lherosolomitanus
1706 572 1752 605 ad
1784 572 1963 605 dominum

1998 237 2074 262 Mun.¹
2089 243 2109 258 e.
2124 239 2177 258 1016

2060 420 2145 438 «21⁶-

124 634 262 667 papam,
286 625 380 667 quod
403 635 482 657 cum
505 623 660 657 Soldano
681 630 822 668 treguas
844 624 1032 656 firmauerit
1060 624 1096 655 in
1122 624 1350 668 ignominiam
1373 624 1519 657 nominis
1543 625 1736 662 christiani;
1759 636 1864 668 super
1886 637 1955 669 quo
1978 632 2034 653 nem
2056 633 2131 652 eodem
2155 633 2200 655 aie.

124 677 357 711 testimonium
380 678 522 711 inuocat
551 677 804 710 uenerabilium
835 677 1088 710 Wintoniensis
1117 683 1152 710 et
1182 678 1412 711 Cicestrensis
1444 678 1698 720 episcoporum,
1722 678 1964 721 magistrorum

67 734 72 741 '
124 730 247 763 domus
269 731 381 764 sancti
404 731 570 765 Iohannis
592 736 629 764 et
651 731 936 769 Teutonicorum‚
960 731 1164 764 marescalci
1188 731 1310 764 domus
1332 731 1520 775 Hospitalis
1533 730 1557 770 ¹,
1588 738 1622 764 et
1652 732 1770 765 fratris
1793 731 1961 776 Aymarii,

123 783 270 816 fratrum
294 794 431 828 quoque
454 783 725 827 predicatorum,
746 784 805 827 qui
827 783 984 826 treuguis
1006 783 1102 816 initis
1124 784 1366 818 interfuerant.

215 837 287 870 Illis
311 838 436 871 diebus
458 837 669 871 antemurale
693 837 824 870 cecidit
846 844 1023 880 portarum
1046 837 1247 871 monasterii
1270 836 1480 871 Casinensis.

215 891 317 924 Tunc
342 891 477 924 nobiles
500 891 640 934 quidam
664 891 798 923 romani
820 889 866 923 ad
882 890 1129 933 Imperatorem
1154 897 1237 934 aput
1259 892 1437 935 Aquinum
1459 892 1601 924 ueniunt
1623 903 1666 925 ex
1689 899 1788 935 parte
1811 900 1962 932 senatus,
1987 893 2087 913 R‘mm'
2107 893 2138 913 ⁶¹¹
2159 894 2201 913 Μ·

123 944 314 988 populique
337 944 502 982 Romani3
526 954 605 976 cum
629 954 698 987 quo
719 954 850 975 moram
873 953 938 986 per
960 943 1110 976 triduum
1134 943 1305 977 facientes
1328 945 1373 977 ad
1395 944 1529 978 Urbem
1551 945 1682 978 reuersi
1705 951 1784 978 sunt
1795 946 1819 978 ³.

213 998 314 1031 Tunc
337 997 439 1030 etiam
462 997 555 1030 iussu
578 996 798 1039 imperatoris
820 1006 884 1039 pro
907 997 1095 1030 munienda
1117 1003 1210 1030 terra
1232 996 1354 1030 Sancti
1371 997 1546 1036 Germani,
1570 999 1663 1041 quod
1686 999 1844 1031 homines
1874 1006 1965 1032 terre

124 1051 230 1094 ipsius
253 1050 297 1083 ab
321 1051 532 1093 Imperatore
555 1050 738 1092 petierunt,
763 1050 884 1082 domus
906 1049 1071 1083 nonnulle
1095 1050 1179 1083 hinc
1201 1050 1284 1083 inde
1308 1061 1352 1083 ex
1381 1056 1481 1093 parte
1505 1051 1649 1084 Corarie
1681 1058 1716 1084 et
1746 1051 1859 1085 Uallis
1882 1054 1962 1085 fun—

127 1104 222 1138 ditus
245 1104 438 1137 diruuntur.

215 1158 406 1201 Imperator
427 1156 473 1190 de
495 1156 636 1200 Aquino
660 1157 783 1190 Soram
804 1167 841 1190 se
865 1157 1022 1197 contulit,
1046 1167 1148 1200 quam
1172 1158 1243 1190 suis
1274 1158 1358 1191 licet
1387 1158 1554 1201 imparem
1585 1158 1716 1191 uiribus
1746 1160 1961 1199 renitentem,

125 1211 163 1244 ui
185 1211 280 1254 cepit
302 1211 376 1244 1111⁰
398 1216 510 1243 stante
541 1210 708 1243 Octobris
735 1211 772 1242 in
804 1211 896 1243 festo
919 1210 1155 1253 apostolorum
1188 1211 1349 1255 Symonis
1381 1220 1415 1244 et
1445 1211 1531 1244 Iude
1547 1212 1572 1250 ⁴,
1595 1217 1629 1244 et
1660 1213 1755 1244 facta
1783 1218 1835 1245 est
1865 1213 1963 1246 cibus

125 1265 229 1309 ignis,
254 1264 441 1308 Campanis
462 1264 641 1304 militibus,
657 1264 717 1307 qui
739 1264 785 1297 ad
808 1264 958 1300 ciuitatis
972 1264 1079 1306 ipsius
1096 1264 1275 1297 defensam
1293 1265 1499 1308 congregati
1514 1265 1663 1303 fuerant,
1686 1265 1722 1296 in
1739 1264 1963 1308 Campaniam

125 1318 342 1362 fugientibus
363 1328 427 1361 per
456 1323 632 1357 montana,
665 1317 837 1351 nonnullis
867 1316 993 1350 ciuium
1024 1317 1104 1361 igne
1135 1318 1301 1361 ferroque
1333 1319 1532 1361 peremptis.

130 1377 380 1405 concrematur.
427 1371 576 1404 Uersus:

1580 1318 1666 1351 Sora
1697 1319 1731 1351 ui
1761 1320 1897 1362 capitur
1927 1326 1961 1352 et

613 1425 658 1457 Ui
677 1426 827 1469 caperis,
849 1425 888 1458 ui
908 1428 1011 1470 capta
1031 1426 1130 1469 peris
1152 1426 1272 1458 merito
1293 1427 1466 1470 peritura.

604 1477 693 1512 Sora
715 1479 798 1521 ruis,
822 1483 881 1512 tua
903 1479 1055 1523 dampna
1077 1479 1152 1519 luis,
1176 1490 1250 1512 sero
1273 1480 1440 1512 reditura.

214 1576 288 1610 Arx
311 1583 428 1611 tamen
453 1577 588 1611 Sorelle
611 1587 648 1610 se
671 1577 717 1614 ad
741 1587 829 1620 opus
850 1583 950 1611 tenet
972 1577 1104 1611 domini
1129 1588 1233 1621 pape.

214 1631 318 1664 Tunc
340 1641 361 1663 a
384 1631 533 1664 Taffuro
556 1630 746 1664 castellano
769 1640 874 1664 rocce
898 1631 1075 1664 Guillelmi
1089 1630 1100 1648 ⁵
1123 1632 1271 1664 traditus
1293 1632 1331 1664 in
1362 1642 1483 1665 manus
1509 1632 1730 1675 Imperatoris
1761 1632 1966 1666 Guillelmus

44 1684 103 1734 25
128 1685 173 1718 de
197 1683 282 1718 Sora
305 1695 384 1718 cum
407 1684 615 1728 quibusdam
637 1684 726 1724 aliis,
749 1694 937 1727 suspensus
959 1691 1009 1718 est
1031 1691 1129 1718 extra
1153 1685 1284 1719 Soram.

213 1738 407 1781 Imperator
429 1748 547 1771 mense
571 1737 780 1771 Nouembris
801 1748 867 1781 per
881 1738 1030 1771 Insulam
1049 1738 1198 1772 filiorum
1222 1739 1317 1772 Petri
1332 1739 1424 1773 redit
1439 1738 1626 1783 Aquinum,
1649 1739 1709 1772 ubi
1727 1740 1818 1773 diem
1844 1740 1969 1773 festum

127 1790 284 1825 celebrat
306 1790 402 1824 beati
425 1791 570 1824 Martini
586 1790 609 1824 ⁸.

214 1845 385 1890 Magister
406 1845 530 1878 domus
551 1844 823 1878 Alamannorum
844 1856 866 1878 a
895 1856 987 1889 papa
1018 1846 1169 1885 rediens,
1193 1847 1281 1879 letos
1311 1847 1356 1880 ad
1386 1847 1635 1890 Imperatorem
1666 1857 1822 1880 rumores
1853 1847 1970 1880 defert

127 1900 173 1933 de
196 1899 447 1942 compositione
478 1898 566 1931 inter
588 1905 772 1942 papamet
800 1899 922 1942 ipsum.
966 1899 1134 1943 Idemque
1158 1900 1297 1933 domino
1335 1900 1468 1933 Thome
1500 1901 1544 1933 de
1575 1899 1695 1944 Capua
1724 1900 1813 1933 tituli
1841 1899 1966 1934 Sancte

61 1953 105 1987 30
127 1951 254 1986 Sabine
277 1953 485 1997 presbytero
520 1952 690 1986 cardinali
723 1953 860 1986 obuiam
891 1953 928 1986 in
958 1954 1150 1997 Campania
1179 1954 1288 1995 uadit,
1317 1965 1396 1988 cum
1426 1965 1495 1998 quo
1526 1954 1572 1987 ad
1598 1955 1847 1997 Imperatorem
1870 1955 1967 1987 uenit

221 2073 244 2092 ι.
263 2074 315 2099 pro
334 2066 480 2100 imperiali
500 2066 656 2091 nobilitate
675 2066 749 2098 nob„
770 2067 844 2099 petit
862 2067 902 2091 lbi
922 2074 1043 2099 quoque,
1062 2067 1158 2092 scritto
1176 2069 1221 2092 nel
1238 2067 1364 2100 margine
1382 2067 1413 2092 di
1431 2068 1524 2092 destra
1542 2068 1619 2092 dalla
1633 2071 1717 2092 stessa
1736 2076 1812 2092 mano
1832 2068 1905 2092 della
1918 2069 1970 2095 fine

130 2109 178 2134 del
193 2117 245 2134 sec.
265 2109 349 2134 XIII
361 2110 407 2134 che
425 2109 451 2133 si
467 2109 576 2134 ritrova
595 2110 668 2134 nella
681 2117 702 2134 c.
721 2117 738 2134 2
738 2115 760 2140 ,ς
768 2118 800 2134 v:
818 2110 880 2135 Coa.
901 2123 934 2127 —
954 2116 995 2134 22.
1016 2110 1114 2144 Quarti
1131 2111 1181 2134 due
1200 2110 1277 2135 versi
1293 2118 1354 2135 sono
1372 2110 1465 2135 scritti
1481 2111 1527 2135 nel
1542 2110 1668 2142 margine
1688 2113 1793 2135 esterno
1812 2110 1842 2134 di
1857 2110 1969 2135 sinistra

134 2151 198 2177 Cod.
212 2151 358 2182 prectduti
374 2152 410 2176 da
428 2150 499 2176 Sora
519 2152 548 2175 in
562 2152 674 2185 capitur
686 2153 715 2176 et
732 2153 937 2177 concrematur.
974 2152 1078 2177 Versus
1097 2153 1234 2177 mancanti
1251 2152 1279 2176 in
1297 2152 1374 2177 Uen.
1393 2161 1407 2176 ε
1425 2153 1488 2177 Dm.
1506 2151 1550 2177 Ra
1569 2166 1600 2170 —-
1622 2159 1663 2184 23.
1677 2153 1739 2176 Arx
1752 2154 1847 2177 tamen
1861 2152 1969 2177 Sorelle

131 2200 161 2218 se
179 2194 214 2218 ad
233 2201 306 2226 opus
324 2194 403 2218 tenet
421 2193 533 2218 domitii
553 2201 632 2228 pape.
651 2193 728 2218 unde
747 2201 842 2219 versus
860 2194 936 2220 Uon.
956 2203 970 2219 ε
988 2195 1051 2220 Dar.
1068 2194 1112 2219 Rs:
1133 2208 1166 2213 —
1187 2201 1230 2227 29.
1249 2194 1325 2219 Idem
1344 2202 1456 2227 quoque
1475 2195 1572 2219 Pan-rz

216 2294 226 2312 ¹
245 2297 392 2325 Bertoldo,
412 2295 528 2321 fratello
547 2296 577 2321 di
595 2296 740 2322 Rainaldo
759 2297 831 2322 duca
844 2297 876 2322 dl
888 2296 1021 2330 Spoleto;

128 2338 165 2364 cf.
184 2346 210 2372 p.
233 2345 298 2372 1423
317 2338 454 2368 Boinasa.
475 2345 522 2363 nn.
545 2337 620 2371 1672,
645 2339 720 2371 1778.

215 2379 227 2397 ¹
245 2381 342 2406 Pietro
356 2387 480 2406 vescovo
492 2381 521 2406 di
535 2381 714 2406 Wlnchester
727 2388 742 2406 e
754 2381 883 2406 Radolt'o
898 2389 1021 2406 vescovo

128 2422 160 2448 di
184 2422 339 2448 Chlcester.
375 2423 400 2448 Il
428 2423 574 2456 patriarca
599 2423 628 2448 dl
658 2422 868 2448 Gerusalemme
897 2424 943 2449 nel
969 2431 1021 2449 suo

127 2466 266 2497 rapporto
285 2465 312 2489 al
331 2472 414 2497 papa,
438 2463 486 2497 gia
505 2464 660 2495 ticon-dato,
686 2464 731 2489 del
752 2471 785 2498 ²9
808 2464 856 2496 111,
884 2471 960 2497 1229,
978 2465 1021 2489 ln-

131 2513 196 2532 vece
215 2506 258 2532 del
278 2513 401 2532 vescovo
415 2507 444 2531 dl
465 2506 620 2538 Chlcester,
642 2506 723 2540 par-la
742 2506 773 2531 di
791 2507 956 2540 Guglielmo
978 2515 1021 2532 ve-

130 2555 218 2574 scovo
235 2549 264 2574 dl
283 2548 387 2574 Exeter
405 2556 420 2573 e
439 2549 467 2574 di
488 2547 619 2573 Guarino
639 2549 667 2574 di
688 2549 880 2581 Montescuto,
900 2552 1023 2575 maestro

129 2590 334 2624 dell’ospedale
352 2590 380 2616 dl
401 2591 429 2616 S.
449 2590 615 2622 Glovann13
639 2591 676 2616 cf.
695 2590 887 2622 Ronarmaao,
909 2596 950 2624 op.
969 2593 1023 2621 cit.¹

130 2639 191 2665 303.
224 2633 263 2658 D1
282 2633 355 2658 frate
373 2632 507 2658 Almarlo
528 2641 585 2658 non
605 2633 631 2658 sl
649 2633 685 2658 ha
704 2633 779 2658 altra
798 2635 917 2659 notlzla.
953 2633 1023 2659 Pare

132 2676 182 2701 che
200 2676 229 2700 la
247 2675 348 2702 lettera
368 2677 610 2709 dell’lmperatore
629 2677 672 2701 sla
686 2676 714 2701 dl
735 2684 809 2710 poco
821 2678 983 2710 posteriore
996 2678 1022 2703 al

132 2725 164 2744 21
187 2719 312 2744 ottobre.

219 2761 231 2779 ⁸
249 2761 302 2786 Per
321 2762 349 2786 la
368 2762 459 2787 storla
483 2761 560 2786 della
582 2761 656 2786 lotta
682 2761 726 2786 fra
751 2762 945 2795 l'lmperatore
964 2771 978 2788 e
1004 2764 1024 2787 ll

133 2810 205 2836 papa
226 2804 360 2828 notevole
378 2802 393 2828 δ
411 2804 434 2829 ll
457 2804 622 2830 Serventese
642 2805 670 2828 di
691 2802 858 2836 Guglielmo
883 2803 1027 2837 Flguerla‚

133 2845 236 2871 scritto
256 2845 300 2870 fra
319 2846 340 2870 ll
363 2846 468 2878 1228-9.
505 2846 689 2879 Soprattutto
711 2847 738 2871 sa
759 2846 785 2871 al
805 2853 870 2871 caso
885 2849 985 2872 nostro
999 2847 1026 2872 la

132 2888 222 2913 strofe
240 2887 324 2914 x1x=

293 2956 374 2983 nomn,
389 2956 432 2977 mal
448 2956 511 2977 labor
521 2956 527 2982 1
539 2957 568 2977 sal
584 2957 647 2982 Papa
660 2962 720 2981 quan
736 2958 831 2976 tensona

291 2989 327 3010 Ab
341 2989 502 3015 1¹Empendor
513 2990 517 3016 Ι
530 2990 566 3015 pel
582 2989 659 3010 dreich
676 2989 707 3010 de
722 2990 743 3009 la
758 2995 843 3010 corona

294 3022 332 3043 ΝΠ
348 3025 393 3043 met
406 3028 435 3043 en
449 3029 511 3043 error
522 3023 528 3049 Ι
541 3023 584 3043 nils
598 3023 660 3043 sicus
673 3023 772 3048 genien
785 3022 895 3048 perdonm

1391 2296 1436 2317 Car
1451 2296 1519 2316 altals
1532 2295 1616 2322 perdo·

1392 2329 1442 2354 Que
1456 2335 1501 2350 non
1516 2335 1553 2350 sec
1567 2335 1633 2350 ratos

1394 2364 1473 2387 Roma,
1489 2369 1534 2383 non
1549 2369 1573 2383 es
1586 2363 1627 2383 bos
1638 2369 1643 2386 ς

1392 2397 1471 2416 Enans
1483 2397 1522 2421 qui
1537 2396 1582 2416 l’en
1599 2401 1685 2416 razona

1393 2430 1479 2450 Reman
1493 2430 1632 2455 vergonhos.
1643 2446 1649 2452 .
1664 2444 1668 2450 .
1682 2445 1688 2450 .

1163 2508 1209 2534 Cf.
1229 2509 1262 2534 V.
1281 2509 1327 2535 Da
1345 2509 1610 2540 Banrnorouams,
1629 2513 1670 2541 op.
1690 2510 1744 2540 cit„
1764 2509 1799 2538 ΙΙ,
1825 2516 1852 2541 p.
1881 2515 1928 2532 102
1955 2516 1970 2532 e

1077 2558 1127 2584 ag„
1149 2551 1207 2576 106.

1163 2592 1173 2608 ⁴
1187 2594 1228 2620 La
1240 2596 1402 2620 ricorrenza
1415 2595 1492 2620 della
1507 2595 1578 2620 festa
1592 2595 1636 2619 del
1651 2593 1700 2620 SS.
1712 2593 1830 2618 Simone
1843 2601 1858 2618 e
1871 2593 1967 2618 Giuda

1076 2637 1203 2670 apostol!
1233 2636 1301 2662 cade
1320 2638 1342 2662 il
1363 2636 1396 2662 28
1415 2639 1478 2669 ott„
1499 2638 1549 2662 che
1570 2638 1600 2662 ln
1625 2637 1791 2669 quell'anno
1817 2634 1914 2668 capito
1942 2637 1970 2660 dl

1077 2680 1238 2706 domenico..

1166 2721 1177 2738 ⁵
1204 2722 1337 2756 Taffiaerus,
1359 2722 1496 2756 Dafflrus,
1516 2722 1544 2746 di
1566 2721 1663 2754 Capua
1686 2722 1715 2746 fu
1734 2722 1781 2754 pol
1805 2720 1972 2746 Castellano

1079 2765 1108 2789 dl
1127 2763 1155 2789 S.
1175 2762 1319 2789 Germano
1339 2764 1385 2789 dal
1409 2771 1473 2796 1²32
1495 2764 1519 2788 al
1544 2769 1619 2796 ¹²39·
1637 2770 1717 2788 come
1731 2764 1878 2795 sapplamo
1892 2763 1972 2788 dallo

1079 2808 1169 2831 stesso
1189 2806 1337 2832 Cronista.
1368 2807 1405 2831 Dl
1421 2807 1463 2831 lui
1481 2807 1505 2830 sl
1526 2806 1623 2830 hanno
1639 2805 1708 2830 altrl.
1722 2806 1827 2830 rlcordi
1843 2804 1878 2837 (a.
1896 2812 1972 2838 ¹²39·

1080 2856 1125 2882 ap.
1147 2855 1223 2880 1249,
1245 2847 1322 2880 1265)
1342 2849 1372 2873 ln
1392 2848 1620 2877 quxatmmn,
1641 2847 1661 2878 Ι,
1674 2847 1733 2878 627.
1748 2849 1884 2878 Excerpta
1898 2848 1973 2878 Mas·

1080 2891 1210 2922 sitienda,
1232 2899 1258 2915 n.
1283 2897 1347 2923 1¹43
1374 2889 1720 2919 Humano-Batnorms,
1747 2889 1795 2921 VI,
1820 2888 1886 2922 718;
1912 2890 1975 2914 Am·

1081 2934 1155 2958 della
1177 2932 1360 2957 commissione
1379 2940 1497 2958 conserv.
1523 2932 1553 2957 di
1584 2932 1670 2956 Terra
1696 2933 1727 2956 di
1749 2932 1868 2961 Lavoro,
1898 2931 1973 2963 ¹892,

1082 2982 1110 3008 p.
1131 2976 1174 3008 67.

1170 3015 1181 3032 ⁶
1204 3023 1231 3041 ιι
1257 3025 1323 3041 nov.

2011 921 2141 944 peratorem
2163 927 2201 940 ue-

2014 947 2088 970 m'unt.

1999 2371 2030 2397 ²5

1998 2598 2034 2624 30

2002 2810 2033 2837 3⁵

2003 3024 2037 3049 40
