2320 3444
391 232 441 267 40
846 229 1119 264 RYCCARDI
1148 229 1218 264 DE
1246 228 1458 264 SANCTO
1487 227 1755 264 GERMANO
2052 234 2104 271 [Α.
2124 236 2220 272 1212}

392 362 497 393 “liter
534 361 775 393 defenderunt.
826 359 899 392 Nos
938 365 1051 392 autem
1090 365 1124 391 et
1159 370 1220 392 rex

392 417 406 434 “
419 415 634 459 Arragonum
652 420 686 446 et
700 424 762 446 rex
775 414 930 446 Nauarre
947 414 1078 452 armati,
1093 413 1128 445 in
1141 413 1219 446 loco

391 469 526 511 “prime
549 467 733 500 mansionis
760 478 827 510 que
858 473 932 499 erat
961 467 995 498 in
1025 466 1220 499 summitate

391 521 541 554 “montis
563 526 785 563 expectantes
809 520 922 553 donec
938 525 1029 552 totus
1045 520 1220 553 exercitus

390 574 464 607 “ibi
486 574 620 607 ueniret
642 583 762 606 secure
786 574 831 605 ad
853 573 968 605 locum
990 573 1220 615 processimus
1304 573 1322 604 5

390 627 475 659 “ubi
498 626 688 659 anteriores
714 627 819 659 nostri
852 626 1108 658 castramentati
1129 633 1218 660 sunt.

389 680 467 712 “Ita
501 680 642 718 factum,
675 679 749 711 Deo
780 679 895 717 dante,
929 679 1023 722 quod
1054 679 1135 711 licet
1162 679 1220 712 uia

388 734 402 750 ‘⁴
415 738 503 765 esset
524 733 617 764 inuia
639 738 674 764 et
696 732 864 775 inaquosa
886 738 922 764 et
935 732 1093 774 lapidosa
1109 739 1143 765 et
1159 744 1218 766 ne-

386 786 401 802 “
415 795 560 823 morosa,
584 785 712 817 nullum
729 786 773 818 de
789 785 913 817 nostris
929 785 1111 819 amisimus.
1142 786 1218 819 Hoc

387 840 527 870 “autem
549 838 679 870 factum
704 838 758 870 die
782 838 914 870 sabbati
942 848 1019 870 xvn
1049 837 1219 872 kalendas
1285 839 1323 870 10

387 890 561 934 “Augusti
577 889 596 923 ¹.
642 890 746 923 Circa
768 891 954 924 serotinam
978 901 1061 924 uero
1096 891 1217 925 horam

386 945 400 962 ¹⁴
414 944 609 983 Sarraceni,
632 944 850 977 attendentes
873 945 967 988 quod
998 945 1115 976 omnia
1142 950 1218 977 ten-

386 998 400 1014 “
413 998 504 1030 toria
537 1003 653 1030 nostra
690 1002 763 1030 tute
802 998 1005 1037 fisseramus,
1043 998 1218 1041 dispositis

386 1051 400 1067 “
412 1049 553 1083 aciebus
568 1050 636 1082 suis
651 1056 821 1083 uenerunt
833 1055 912 1083 ante
925 1051 1003 1083 loca
1015 1058 1216 1090 castrorum,

382 1104 397 1119 “
412 1109 446 1136 et
468 1103 601 1136 ibidem
625 1104 773 1147 quedam
797 1105 956 1146 preludia
986 1104 1069 1137 belli
1099 1106 1218 1138 admo·
1284 1105 1320 1138 15

384 1159 399 1174 ‘⁴
411 1157 492 1189 dum
504 1157 732 1190 torneamenti
745 1168 822 1190 cum
835 1158 959 1190 nostris
973 1164 1214 1197 exercuerunt3

385 1211 631 1243 “attendentes
654 1217 767 1243 autem
789 1211 856 1253 ipsi
878 1210 972 1253 quod
994 1222 1057 1244 nos
1086 1222 1128 1244 ea
1159 1212 1215 1244 die

384 1263 578 1296 “nollemus
612 1263 741 1296 habere
771 1263 910 1304 bellum,
939 1265 985 1297 ad
1015 1271 1126 1298 castra
1155 1276 1216 1298 sua

384 1318 398 1334 “
410 1316 539 1349 reuersi
562 1323 650 1349 sunt.
685 1316 854 1360 Sequenti
868 1328 953 1351 uero
969 1318 1025 1350 die
1041 1317 1216 1351 dominica

384 1371 541 1402 “summo
564 1381 663 1402 mane
687 1370 900 1403 Sarracenus
922 1371 1016 1403 uenit
1039 1381 1117 1403 cum
1139 1372 1214 1404 infi-
1278 1377 1320 1408 20

384 1424 484 1456 “nita
514 1423 728 1457 multitudine
759 1424 934 1467 dispositis
963 1425 1121 1463 aciebus3
1152 1436 1216 1459 nos

384 1477 398 1493 “
409 1482 536 1515 autem,
551 1476 708 1510 uolentes
723 1477 944 1510 considerare
960 1478 1215 1511 multitudinem

382 1529 524 1573 “gentis
553 1540 623 1568 sue,
657 1530 917 1572 dispositionem
947 1537 982 1564 et
1011 1538 1148 1572 statum,
1180 1537 1215 1565 et

382 1583 556 1626 “qualiter
585 1594 622 1615 se
652 1584 797 1617 haberet
824 1584 861 1616 in
891 1585 1058 1623 omnibus,
1092 1586 1213 1619 habito

382 1634 616 1679 “prudentum
639 1637 791 1670 uirorum
815 1638 960 1670 consilio
983 1639 1021 1670 in
1037 1639 1102 1672 hiis
1117 1650 1213 1672 exer·
1276 1644 1316 1676 25

379 1690 393 1706 “
409 1689 601 1730 citatorum,
625 1691 882 1733 expectauimus
905 1703 1012 1736 usque
1043 1694 1090 1726 ad
1120 1694 1211 1727 diem

379 1742 394 1759 “
409 1742 488 1775 lune
510 1744 694 1786 sequentis.
741 1745 828 1787 Ipsis
850 1750 964 1778 autem
987 1746 1038 1779 sic
1062 1747 1212 1780 existen-

381 1796 508 1836 “tibus‚
533 1798 707 1839 posuimus
728 1797 855 1831 milites
877 1805 1013 1832 nostros
1042 1810 1121 1833 cum
1151 1812 1213 1844 pe-

380 1851 394 1867 “
407 1849 537 1883 ditibus
559 1857 596 1884 ut
618 1857 790 1884 extremos
812 1852 986 1886 exercitus
1008 1854 1116 1887 nostri
1142 1865 1213 1887 non

380 1904 394 1920 “
406 1909 546 1946 possent
562 1904 598 1937 in
613 1905 730 1948 aliquo
742 1906 939 1944 molestare;
953 1908 1048 1950 quod
1061 1908 1212 1952 quidem,
1274 1913 1317 1945 30

379 1957 522 1989 “diuina
543 1958 694 1991 faciente
717 1959 840 2002 gratia,
863 1959 912 1992 sic
937 1961 1061 2000 euenit,
1091 1967 1129 1994 ut
1158 1972 1212 1994 se-

377 2010 392 2027 “
407 2012 526 2054 quenti
559 2011 695 2045 scilicet
728 2022 755 2044 11
790 2012 906 2045 feria²
940 2025 1058 2048 omnes
1090 2016 1212 2048 armati

380 2065 636 2106 “processimus
658 2065 694 2097 in
716 2066 781 2099 Dei
802 2067 939 2100 nomine
963 2079 1040 2100 eum
1071 2069 1122 2102 eis
1148 2080 1211 2113 pro

382 2119 396 2134 “
408 2118 476 2150 fide
494 2118 665 2151 catholica
681 2120 876 2164 pugnaturi.
908 2121 977 2163 Ipsi
993 2128 1108 2155 autem
1124 2124 1212 2166 opti-

190 2189 212 2204 ι,
227 2190 285 2205 m,
379 2173 393 2189 “
406 2178 552 2204 nuerunt
573 2174 831 2215 promunctoria
853 2174 1010 2217 quedam'
1032 2177 1134 2210 ualde
1157 2188 1211 2210 ar-
1273 2181 1314 2213 35

379 2226 392 2241 '⁴
405 2225 473 2256 dua
496 2230 532 2257 et
553 2226 597 2257 ad
620 2227 877 2260 ascendendum
900 2228 1053 2262 difficilia
1068 2236 1213 2273 propter

379 2279 556 2316 “nemora‚
581 2289 647 2321 que
670 2279 762 2312 inter
784 2290 846 2312 nos
870 2287 904 2313 et
927 2281 1022 2323 ipsos
1045 2290 1154 2323 erant,
1178 2289 1212 2316 et

378 2332 392 2348 “
405 2338 547 2373 propter
565 2332 682 2364 alueos
697 2338 885 2366 torrentum
903 2335 1210 2376 profundissimos:

377 2385 471 2426 “que
502 2385 616 2417 omnia
647 2385 748 2418 nobis
778 2393 875 2420 erant
904 2398 1030 2431 magno
1061 2390 1210 2432 impedi—

375 2438 531 2476 “mento‚
561 2438 645 2480 ipsis
679 2449 761 2471 uero
795 2450 920 2483 magno
955 2442 1209 2484 expedimento.
1272 2449 1314 2480 40

375 2489 649 2523 “Uerumtamen
673 2491 732 2523 ille
763 2503 783 2524 a
814 2503 882 2535 quo
915 2494 1041 2533 omnia,
1071 2496 1108 2527 in
1139 2506 1209 2539 quo

373 2543 527 2584 “omnia,
550 2549 585 2576 et
606 2555 671 2587 per
693 2556 795 2588 quem
819 2547 944 2586 omnia,
965 2548 1053 2581 fecit
1067 2549 1208 2582 mirabi-

371 2595 482 2628 “liter
504 2603 539 2629 et
562 2598 688 2631 direxit
710 2609 831 2632 manus
854 2601 906 2633 sui
930 2602 1110 2635 exercitus
1125 2613 1210 2636 con-

373 2650 388 2666 “
399 2656 452 2682 tra
474 2650 632 2684 inimicos
647 2662 736 2695 suos,
753 2658 788 2686 et
810 2654 1003 2687 anteriores
1020 2656 1125 2689 nostri
1141 2668 1207 2690 nec

455 2794 506 2822 2—3.
526 2791 555 2814 in
575 2790 639 2815 loco
657 2791 748 2824 prime
766 2794 925 2818 mansionis
944 2795 993 2826 qui
1007 2793 1104 2820 GAun.
1117 2809 1149 2814 —
1165 2803 1206 2821 11.

369 2829 449 2855 Citra
467 2832 622 2856 serotlnam
640 2831 737 2860 GAun.
756 2848 787 2852 —-
808 2841 849 2868 ²9·
869 2837 1008 2861 extremas
1029 2838 1091 2862 Cod.
1111 2851 1143 2856 -
1163 2838 1206 2871 36.

369 2873 590 2898 adscendendum
612 2876 674 2900 Cod.
693 2889 726 2893 —
746 2875 788 2909 38.
806 2884 895 2910 prope
914 2878 1011 2904 GAUD.

457 2974 466 2991 ¹
479 2975 519 3000 La
532 2982 597 3001 xvu
610 2977 665 3002 kal.
679 2978 827 3010 d’Agosto,
842 2979 873 3004 16
886 2981 987 3014 luglio,
1001 2982 1088 3006 cadde
1107 2982 1137 3007 dl
1152 2984 1251 3008 sabato
1393 2983 1404 3001 ²
1423 2986 1545 3011 Martedl
1568 2993 1600 3020 19
1619 2987 1676 3019 lug.

330 3021 344 3048 5
373 3017 418 3041 nel
442 3024 516 3049 1211,
538 3019 596 3043 ind.
616 3026 675 3049 xiv,
696 3021 863 3046 ricorrendo
884 3023 911 3047 la
936 3023 1046 3056 Pasqua
1072 3025 1092 3048 il
1113 3032 1127 3057 3
1153 3026 1253 3058 aprile.
