2320 3444
810 247 1091 293 RYCCARDI
1119 247 1190 283 DE
1217 245 1429 283 SANCTO
1459 243 1730 282 GERMANO

2026 249 2080 286 [A.
2098 249 2193 288 121⁶]

355 320 2160 332 -------------------------------------------------------------------------------------------------------------------------------------------------------------------------------------------
2161 319 2192 327 .-

355 383 371 400 ⁸
386 387 642 426 congregantur
663 380 714 413 ibi
737 386 789 413 est
811 380 845 411 in
869 379 985 412 medio
1009 389 1139 418 eorum,
1156 384 1195 412 ut

356 436 430 469 “de
453 445 668 478 quacumque
693 444 731 465 re
755 433 790 464 in
819 433 912 465 idem
943 432 1195 471 consenserint,

356 489 370 505 “
385 489 442 521 fiat
455 488 534 520 illis.
566 487 639 520 Nos
655 492 770 519 autem
784 486 1026 528 imperfectum
1039 490 1194 518 nostrum

357 543 371 559 ⁴⁴
384 541 541 574 uidentes
564 546 597 573 et
619 545 736 572 nostre
753 538 1030 571 insufficientiam
1046 548 1193 581 pauper-

357 595 473 632 “tatis,
503 593 547 626 ab
577 594 711 625 honore
742 597 812 624 tam
842 601 990 625 oneroso
1020 597 1057 625 et
1087 601 1194 624 onere

356 649 370 665 ‘⁶
382 647 577 680 honorabili
592 646 745 679 libenter
759 655 822 678 nos
836 644 1004 677 noluimus
1016 655 1195 685 excusare,

356 703 370 718 “
382 701 411 733 si
423 699 575 743 predicti
587 699 714 732 fratres
726 698 955 742 equanimiter
965 698 1195 732 tollerassent.

355 756 369 772 “
382 753 455 792 Set,
478 764 521 785 ne
545 753 743 785 uideremur
759 751 878 784 diuine
894 751 1057 784 resistere
1072 751 1195 784 uolun-

355 807 446 840 “tati
477 813 512 839 et
537 805 825 838 concordantium
856 805 1002 837 fratrum
1032 804 1195 838 scindere

351 862 366 877 ⁸
381 860 559 898 unitatem,
583 859 746 892 humeros
761 858 858 891 oneri
874 857 1115 901 supposuimus
1130 858 1194 891 hu-

354 916 368 932 “
382 913 505 945 militer
528 918 563 945 et
586 913 726 951 deuote,
757 921 828 944 non
857 911 956 955 quasi
985 911 1195 944 sufficientes

353 969 368 985 ‘⁴
380 966 485 999 simus
500 977 544 999 ex
559 965 670 1003 nobis,
685 970 739 998 set
750 964 1025 998 insufficientiam
1042 969 1195 998 nostram

353 1022 367 1039 ⁴¹
381 1020 425 1053 ab
449 1029 490 1051 eo
514 1019 668 1062 suppleri
700 1024 891 1062 sperantes,
922 1018 982 1062 qui
1012 1018 1063 1051 sic
1093 1018 1194 1052 nobis

353 1075 459 1106 “suas
482 1073 578 1106 uices
609 1072 794 1112 commisit,
825 1078 863 1105 ut
892 1072 1076 1105 ecclesiam
1099 1084 1195 1106 suam

354 1127 504 1160 “uicarii
527 1127 564 1159 in
587 1126 701 1160 uicem
724 1137 843 1171 agens,
870 1136 940 1159 non
970 1126 1121 1160 humano
1144 1133 1196 1160 set

353 1181 503 1213 “diuino
526 1185 612 1214 nutu
634 1179 816 1223 gubernet.
863 1180 950 1213 Cum
974 1179 1081 1224 igitur
1096 1180 1196 1213 forti-

353 1234 464 1267 “tudo
479 1234 583 1267 totius
597 1233 633 1265 in
648 1233 797 1276 partium
811 1232 1012 1277 integritate
1029 1233 1196 1266 consistat

352 1289 367 1305 “
380 1293 426 1326 et,
442 1287 603 1320 membris
616 1286 720 1329 capiti
734 1286 1014 1330 obsequentibus,
1026 1287 1196 1329 operandi

353 1342 367 1358 ‘⁶
380 1341 498 1383 uigeat
541 1340 656 1374 cordis
707 1340 881 1383 aptitudo;
935 1340 1195 1373 uniuersitatem

352 1394 367 1410 “
380 1399 529 1427 uestram
551 1404 713 1437 rogamus
729 1393 919 1436 at[tentius]
936 1399 971 1426 et
986 1393 1191 1436 mo[nemus]

353 1448 443 1490 “per
465 1447 731 1490 a[uctoritatem]
754 1453 869 1480 nostre
893 1446 1012 1489 s[edis]
1027 1447 1194 1480 mandan-

353 1503 368 1519 “
381 1507 432 1534 tes
455 1501 650 1545 q[uatenus]
673 1501 863 1534 offerentes
879 1511 944 1544 pro
960 1500 1060 1534 nobis
1075 1499 1195 1532 Domi-

353 1557 425 1587 “no
456 1554 616 1587 uictimas
641 1554 811 1587 labiorum
842 1559 999 1587 nostrum
1029 1554 1195 1597 satagatis

354 1608 558 1640 “humiliter
580 1607 743 1651 supplere
766 1608 956 1641 defectum.
1001 1607 1076 1640 Nos
1102 1607 1193 1640 enim

351 1662 366 1678 ‘⁴
380 1672 443 1695 uos
465 1667 640 1704 tamquam
664 1662 812 1694 ecclesie
836 1661 991 1694 membra
1021 1661 1194 1694 honorare

350 1715 365 1732 ⁴‘
379 1715 600 1755 intendimus,
624 1721 660 1748 et
674 1715 710 1747 in
726 1721 893 1758 quantum
907 1714 1105 1758 permiserit
1120 1714 1192 1747 Do-

352 1770 366 1786 “
380 1768 503 1807 minus,
526 1768 562 1800 in
584 1768 708 1801 uestris
730 1767 995 1801 necessitatibus
1018 1767 1194 1802 adiuuare.

352 1822 543 1855 ‘Ceterum
565 1822 722 1854 uolumus
745 1827 780 1855 et
801 1823 1005 1855 mandamus
1028 1827 1066 1854 ut
1087 1829 1195 1854 cruce

352 1877 367 1893 ⁴⁶
379 1876 532 1919 signatos
553 1881 746 1908 uestrarum
771 1875 975 1917 dyocesium
992 1873 1195 1919 diligentius

305 1940 308 1943 ’
352 1929 591 1966 “exortemini,
623 1939 667 1961 ne
696 1934 841 1971 propter
866 1928 1000 1962 obitum
1029 1928 1194 1972 prephati

353 1984 366 2000 ‘⁴
379 1983 637 2025 predecessoris
659 1983 767 2015 nostri
798 1988 1063 2026 prosternantur
1086 1982 1195 2016 corda

352 2038 366 2053 ‘⁴
379 2046 507 2074 eorum,
520 2046 634 2079 neque
646 2035 847 2076 formident,
859 2036 958 2079 quasi
970 2047 1013 2068 ex
1024 2036 1093 2068 hoc
1105 2042 1195 2068 terre

354 2090 498 2122 “sancte
534 2089 743 2132 impediatur
783 2099 983 2127 succursus;
1022 2088 1194 2132 quoniam,

353 2143 367 2159 ¹⁴
382 2142 445 2174 etsi
470 2141 675 2175 sufficientia
697 2142 788 2175 illius
811 2147 928 2175 nostra
951 2142 1113 2175 uideatur
1141 2141 1194 2174 in-

353 2197 368 2213 “
381 2195 500 2233 ferior,
522 2196 568 2228 ad
590 2196 831 2229 liberationem
849 2201 965 2228 tamen
981 2195 1087 2238 ipsius
1101 2201 1194 2229 terre

353 2250 367 2265 “
381 2247 470 2280 uotis
500 2258 570 2280 non
603 2248 793 2281 minoribus
826 2249 1033 2291 aspiramus3
1068 2248 1194 2291 quibus

355 2301 456 2343 “ipse
480 2301 658 2340 Dominus,
682 2303 741 2345 qui
764 2308 943 2345 sperantes
966 2302 1001 2335 in
1024 2313 1061 2336 se
1085 2303 1194 2336 nulla-

355 2356 479 2387 “tenus
502 2355 641 2393 deserit,
665 2355 831 2388 effectum
854 2356 984 2389 tribuat
1014 2362 1049 2389 et
1071 2357 1191 2399 profe-

354 2409 368 2425 “
381 2412 485 2446 ctum,
515 2414 553 2440 ut
586 2409 680 2452 quod
714 2407 924 2451 possibilitas
958 2416 1088 2449 nostra,
1121 2420 1192 2443 non

354 2462 368 2478 “
382 2461 526 2501 obtinet,
548 2461 623 2505 ejus
646 2461 747 2494 nobis
769 2463 882 2505 gratia
904 2462 1082 2507 largiatur.

441 2514 594 2546 “Datum
624 2513 770 2554 Perusii,
799 2525 839 2547 1x
867 2515 1009 2550 kalend.
1033 2516 1193 2560 Augusti,

353 2568 367 2584 “
380 2567 600 2609 pontificatus
622 2568 731 2600 nostri
754 2578 846 2601 anno
870 2569 981 2611 primo
995 2594 1010 2610 „
1029 2568 1051 2602 ¹.

435 2621 501 2653 Iste
525 2631 616 2663 papa
633 2621 806 2654 Honorius
823 2623 916 2664 apud
932 2623 1112 2656 Perusium
1129 2634 1193 2667 per

348 2674 519 2714 reliquum
548 2673 625 2706 Iulii
655 2680 690 2707 et
721 2681 828 2707 totum
858 2686 1011 2708 mensem
1042 2676 1192 2720 Augusti

349 2736 478 2758 moram
501 2727 646 2769 faciens,
662 2738 780 2760 mense
796 2728 1010 2771 Septembris
1025 2730 1193 2763 remeauit

350 2779 396 2811 ad
410 2779 553 2819 Urbem,
567 2791 669 2823 quam
682 2792 759 2814 cum
773 2781 878 2814 multo
891 2783 1024 2815 honore
1037 2783 1192 2823 intrauit,

439 2909 462 2936 5.
482 2905 621 2930 honerore
644 2907 707 2931 Cod.
717 2943 722 2947 .

441 3032 447 3048 ¹
468 3033 512 3058 Cf.
532 3034 666 3065 ΒδΗΜΕκ,
687 3043 713 3061 n.
726 3035 804 3070 6189,
818 3044 871 3062 con
885 3037 914 3062 la
927 3038 994 3063 data
1006 3038 1051 3063 del
1067 3044 1098 3071 25
1114 3040 1172 3073 lug.

1261 860 1300 893 10

1262 1126 1300 1160 15

1258 1396 1300 1428 20

1258 1664 1299 1697 25

1257 1933 1300 1966 30

1257 2199 1298 2233 35

1257 2467 1300 2499 40

1256 2733 1297 2766 45
