2320 3444
353 237 403 274 90
811 237 1089 274 RYCCARDI
1115 239 1186 275 DE
1213 237 1424 275 SANCTO
1453 238 1727 275 GERMANO
2023 244 2075 281 [A.
2096 245 2190 282 1220]

356 370 421 402 “se
446 380 514 402 non
538 368 788 402 intromictant.
834 369 880 402 Et
910 369 1103 402 seruientes
1133 380 1191 403 ca-

356 424 452 455 “stra
476 432 544 454 non
569 427 694 454 exeant
715 421 779 453 nisi
806 431 883 454 cum
906 421 1049 454 licentia
1065 423 1190 455 castel-

355 478 369 494 “
383 476 553 511 lanorumx
572 481 606 508 et
617 475 734 517 plures
749 486 852 518 quam
868 480 1016 518 quatuor
1031 485 1101 507 non
1118 476 1190 508 exi-

354 531 368 548 “
381 530 477 568 bunt,
494 534 528 561 et
543 528 593 560 hii
609 527 684 560 sine
711 527 852 571 gladiis3
868 527 936 560 nisi
952 527 1116 571 Magistri
1138 529 1189 561 iu-

355 585 369 600 “
381 582 518 616 stitiarii
535 592 593 615 eos
616 582 846 625 requisierint.
893 581 938 614 Et
953 587 1036 614 tunc
1052 581 1097 614 de
1113 581 1190 615 illo·
1276 585 1294 616 5

353 638 454 668 “rum
477 636 639 668 mandato
662 641 827 678 poterunt
849 646 946 669 arma
968 641 1109 678 portare
1124 634 1144 669 ¹.

438 689 453 705 “
469 688 578 731 [VIII]
594 688 810 721 Euacuamus
825 694 984 732 preterea
997 698 1099 721 omne
1114 689 1189 732 pla-

350 742 365 759 “
379 742 554 781 teaticum,
577 742 774 786 passagium
797 752 936 781 nouum,
959 748 1096 785 portum
1127 754 1189 776 no-

352 798 366 814 “
380 806 471 835 uum,
495 795 647 828 duanam
662 801 698 828 et
712 795 952 838 plantaticum,
968 806 1034 839 que
1050 796 1190 829 fuerunt

351 851 365 867 ‘⁴
378 860 398 881 a
421 859 641 892 quocumque
657 849 715 881 uel
736 849 772 881 in
789 859 1009 892 quocumque
1025 849 1105 882 loco
1120 855 1189 882 sta·
1257 853 1296 886 10

351 904 451 935 “tuta
472 908 550 945 post
571 902 702 936 obitum
725 902 946 945 imperatoris
968 903 1113 936 Henrici
1128 914 1189 946 pa-

351 956 365 973 “
378 955 437 988 tris
459 956 585 988 nostris
599 961 634 988 et
655 955 886 998 imperatricis
901 956 1019 989 matris
1034 962 1152 990 nostre
1165 955 1188 990 ⁸.

437 1010 452 1026 ⁴⁴
465 1008 592 1051 [VIIII]
614 1008 715 1042 Noue
739 1009 894 1042 nundine
917 1015 952 1042 et
974 1016 1127 1043 mercata
1143 1011 1187 1043 de

350 1063 495 1094 “cetero
525 1072 596 1094 non
627 1062 728 1095 fiant:
761 1068 796 1095 et
826 1063 923 1096 facta
953 1069 1031 1105 post
1054 1063 1187 1097 obitum

351 1117 559 1158 “parentum
584 1121 781 1148 nostrorum
807 1116 923 1149 omnia
947 1126 1137 1154 cassamus;
1154 1122 1189 1150 et
1254 1119 1293 1154 15

350 1170 417 1201 “ea
454 1178 522 1213 que
559 1174 715 1211 tempore
749 1169 843 1213 regis
881 1169 1055 1202 Guillelmi
1093 1170 1188 1203 facta

349 1224 363 1240 ¹⁶
376 1223 519 1255 fuerunt
529 1222 742 1265 precipimus
756 1222 899 1256 firmiter
913 1223 1102 1262 obseruari,
1117 1233 1187 1257 non

350 1277 364 1293 “
377 1275 594 1309 obstantibus
616 1275 811 1320 priuilegiis
826 1277 882 1309 uel
897 1277 1084 1320 rescriptis,
1100 1277 1127 1310 si
1143 1277 1187 1311 ab

349 1331 364 1347 ¹‘
377 1330 493 1373 aliquo
515 1340 619 1372 super
642 1329 709 1362 hiis
731 1330 876 1363 fuerunt
899 1330 1086 1373 impetrata
1097 1332 1119 1364 ⁸.

436 1384 450 1400 '⁶
465 1383 525 1425 [Χ]
549 1383 752 1416 Demanium
777 1389 931 1417 nostrum
944 1385 1103 1417 uolumus
1124 1385 1187 1417 ha·
1251 1392 1293 1423 20

347 1437 362 1453 ¹⁴
377 1436 460 1470 bere
473 1437 612 1480 plenum
626 1443 661 1470 et
672 1437 819 1481 integre,
835 1438 1004 1471 uidelicet
1016 1438 1188 1479 ciuitates,

349 1493 364 1509 ‘⁴
376 1491 592 1531 munitiones,
615 1497 740 1532 castra,
761 1492 873 1533 uillas,
896 1492 1026 1526 casalia
1040 1499 1075 1526 et
1090 1493 1186 1536 quic-

350 1543 460 1588 “quid
482 1545 518 1578 in
542 1546 591 1579 eis
614 1556 688 1579 esse
711 1552 746 1580 et
767 1547 803 1579 in
820 1547 1017 1580 demanium
1041 1557 1187 1580 consue-

345 1598 360 1615 “
376 1598 426 1631 uit
447 1599 506 1632 uel
527 1610 601 1632 esse
626 1606 836 1634 consuerunt
865 1606 935 1634 tam
968 1601 1061 1634 intus
1084 1611 1185 1644 quam

347 1652 362 1669 “
375 1657 482 1691 extra,
504 1658 540 1686 et
562 1664 630 1698 que
652 1655 699 1688 ad
721 1665 842 1687 manus
873 1661 1007 1688 nostras
1036 1654 1185 1688 rationa-
1250 1657 1292 1692 25

346 1706 361 1722 ⁸
377 1705 490 1740 biliter
512 1713 674 1751 poterunt
703 1709 901 1752 peruenire.
946 1709 993 1742 Et
1029 1709 1186 1742 uolumus

346 1760 500 1793 “habere
523 1772 642 1794 omnes
664 1763 820 1796 redditos
850 1770 997 1803 nostros,
1028 1769 1062 1796 et
1091 1762 1186 1807 quod

346 1816 361 1832 ¹⁴
374 1815 555 1858 exigantur
570 1827 590 1849 a
605 1816 731 1850 baliuis
742 1816 755 1834 ⁴
770 1822 805 1850 et
820 1817 988 1850 ordinatis
1003 1816 1129 1850 nostris
1144 1826 1186 1849 eo

347 1868 479 1901 “modo
503 1880 571 1913 quo
595 1876 752 1913 tempore
774 1870 866 1914 regis
890 1869 1069 1903 Guillelmi
1093 1869 1185 1913 exigi

348 1919 629 1955 “consueuerunt
650 1929 719 1956 tam
742 1923 788 1956 ab
811 1924 986 1957 extraneis
1017 1933 1119 1966 quam
1142 1922 1187 1956 ab
1251 1927 1292 1960 30

347 1974 570 2008 “hominibus
599 1977 700 2019 regni
730 1977 767 2009 in
796 1975 974 2019 portubus,
1005 1976 1129 2010 duanis
1153 1981 1187 2009 et

345 2027 359 2044 ‘⁴
373 2028 451 2061 aliis
472 2029 570 2068 locis,
593 2039 665 2063 non
686 2029 844 2063 obstante
870 2029 1098 2063 concessione
1129 2029 1186 2062 uel

349 2081 535 2115 “libertate
559 2083 663 2116 alicui
686 2083 771 2117 inde
794 2084 900 2117 facta.

434 2135 449 2151 ‘⁴
468 2135 544 2177 [XI]
565 2135 795 2170 Prohihemus
811 2144 849 2172 ut
865 2138 978 2171 nullus
993 2143 1111 2172 teneat
1125 2138 1186 2172 ba-

348 2189 494 2220 “ronem
517 2190 573 2222 uel
601 2190 780 2224 baroniam
810 2193 976 2236 regalem,
1006 2198 1060 2226 set
1090 2195 1184 2225 eam'
1249 2193 1291 2227 35

168 2253 190 2269 c.
203 2248 264 2268 nsr
346 2239 361 2257 “
375 2241 468 2284 regie
491 2243 598 2282 curie,
613 2245 703 2277 sicut
720 2256 795 2278 esse
811 2247 1003 2280 consueuit.
1049 2247 1094 2279 Et
1109 2246 1185 2289 qui-

347 2296 522 2337 “cumque
545 2296 709 2330 baronem
743 2299 799 2332 uel
834 2299 1012 2332 baroniam
1043 2299 1186 2338 detinet,

347 2349 451 2380 “eam
481 2349 581 2382 nobis
610 2352 773 2395 resignet,
804 2353 958 2396 alioquin
989 2354 1186 2397 detemptor

348 2401 566 2444 “detemptus
590 2404 657 2437 erit
679 2404 715 2437 in
737 2407 902 2439 mercede
927 2406 1022 2440 curie
1036 2406 1059 2440 ⁸.

432 2455 552 2498 “[XII]
577 2457 662 2490 Item
687 2459 900 2502 precipimus
929 2466 967 2493 ut
988 2460 1102 2493 nullus
1125 2471 1184 2493 co-
1250 2462 1293 2494 40

348 2509 492 2541 “mitum
516 2511 571 2542 uel
595 2510 762 2544 baronum
787 2513 915 2546 audeat
945 2514 1101 2547 minuere
1125 2513 1184 2546 ba-

347 2563 508 2595 “roniam
531 2564 588 2596 uel
610 2565 744 2607 aliquid
769 2577 812 2599 ex
834 2577 875 2599 ea
892 2568 1089 2601 concedere
1105 2577 1186 2611 per-

433 2698 485 2724 ¹L.
503 2699 526 2731 1,
545 2700 590 2725 tlt.
609 2707 680 2726 xcv:
702 2700 715 2714 ‘¹
727 2703 769 2727 De
789 2703 979 2728 servientibus
1000 2705 1082 2728 extra
1101 2703 1235 2728 Castrum
1291 2701 1413 2727 vendica
1433 2701 1443 2725 i
1462 2701 1559 2726 dir-itti
1578 2700 1655 2726 della
1675 2708 1788 2726 corona
1807 2701 1910 2725 contro
1928 2700 1939 2724 i
1959 2699 2103 2725 feudatarl
2121 2698 2189 2724 laici
2218 2702 2267 2725 ια

343 2740 427 2765 “sine
440 2741 557 2767 licentia
571 2744 614 2768 sul
625 2744 775 2770 castellani
786 2754 810 2777 ης
827 2745 1080 2779 “....proibemus
1091 2746 1239 2778 magistris
1291 2744 1326 2769 ed
1344 2743 1533 2769 ecclesiastici
1562 2743 1605 2768 del
1628 2742 1742 2776 Regno,
1761 2750 1775 2768 e
1804 2743 1908 2767 contro
1926 2742 1938 2766 i
1962 2742 2079 2767 comuni
2098 2741 2149 2767 che
2167 2741 2189 2767 11
2263 2750 2265 2752 ·

347 2781 537 2808 “Castrorum
564 2786 730 2811 castellams
755 2789 783 2811 et
808 2788 1000 2813 servientibus
1025 2788 1179 2812 eorundem
1206 2788 1239 2812 ut
1292 2793 1422 2812 avevano
1442 2786 1582 2818 usurpati.

345 2824 447 2849 “extra
466 2825 632 2852 Castrorum
652 2830 733 2860 situs,
747 2831 809 2854 sine
821 2830 940 2863 speciali
961 2831 1126 2855 conscentie
1140 2830 1239 2854 nostro
1381 2827 1392 2844 ³
1410 2828 1475 2853 Non
1496 2828 1526 2853 su
1547 2835 1686 2853 ammesso
1705 2827 1752 2852 nel
1771 2826 1879 2852 Codice
1898 2826 1927 2851 di
1941 2826 2018 2852 Melfi
2032 2826 2055 2851 ll
2068 2826 2191 2855 alvioto,

301 2870 315 2895 5
346 2865 504 2892 “mandato
524 2868 557 2893 de
578 2870 660 2895 nullo
682 2873 799 2904 negotio
818 2874 892 2897 terre
919 2872 1019 2904 ipsius,
1040 2873 1069 2896 in
1083 2879 1166 2905 quam
1186 2871 1239 2897 Ca·
1293 2871 1427 2897 stabilito
1448 2872 1478 2895 in
1505 2873 1604 2903 questa
1622 2871 1732 2900 Amsa,
1751 2870 1780 2895 di
1796 2869 1988 2894 celebrazione
2008 2869 2082 2894 delle
2101 2869 2191 2894 fletae
2257 2891 2260 2895 ,

346 2908 457 2933 “strum
478 2910 572 2942 situm,
592 2914 678 2937 est...
693 2915 1017 2939 .se....intromictere
1037 2914 1142 2939 audent
1144 2930 1238 2944 ......
1294 2915 1340 2940 dei
1360 2915 1476 2939 mercati
1497 2914 1619 2939 lstituiti
1646 2913 1723 2946 dopo
1751 2913 1779 2938 ia
1798 2914 1890 2937 morte
1915 2912 1943 2937 d}
1970 2911 2138 2945 GuglieImo
2156 2911 2190 2936 11.
2219 2917 2253 2947 ις

432 2950 443 2966 '·'
463 2951 525 2976 Con
545 2956 641 2984 questa
662 2955 761 2980 Assisa
775 2963 790 2981 e
803 2957 878 2982 colla
891 2955 938 2987 X¹‚
952 2957 1083 2989 sempllel
1097 2965 1111 2982 e
1123 2958 1240 2982 concise
1381 2955 1392 2972 ⁴
1411 2955 1459 2981 Cf.
1478 2963 1506 2981 n.
1526 2962 1551 2980 2.
1589 2955 1701 2980 Balivn‘s
1720 2955 1764 2979 sta
1783 2962 1833 2987 per
1851 2954 1969 2980 Baiulis.

345 2999 425 3017 come
444 2996 520 3019 tutte
539 2995 565 3019 le
579 2997 651 3021 altre
665 2998 728 3022 date
742 3007 757 3023 a
771 2999 878 3031 Capua,
892 2999 923 3024 F.
937 3007 1021 3024 senza
1036 3000 1055 3024 il
1068 3001 1143 3025 tono
1160 3001 1239 3025 tron-
1382 2997 1393 3014 ⁵
1412 2999 1444 3023 L.
1462 2998 1498 3028 11,
1519 2999 1566 3024 tit.
1585 3003 1700 3023 xxvuxe
1728 2996 1794 3021 “De
1813 2997 1996 3021 revocatione
2022 2995 2190 3030 prlvlleglo·

346 3034 382 3059 fio
403 3043 416 3059 c
435 3037 560 3068 prolisso
580 3038 654 3063 delle
672 3042 858 3066 costituzioni
878 3042 906 3066 di
934 3042 1012 3066 Melfi
1033 3042 1077 3067 del
1105 3049 1182 3074 1231,
1202 3043 1241 3066 ri·
1296 3040 1380 3065 “rum
1392 3057 1415 3072 ,μ
