2320 3444
109 207 176 254 ’[Α.
200 214 294 250 1224]
899 210 1189 246 CHRONICA
1890 206 1960 246 117

123 284 138 292 ..
140 283 1958 291 ...................................................................................................................................................................................................

123 339 138 358 ⁸
151 340 298 372 maxime
322 349 400 372 cum
422 345 517 372 terra
531 345 646 372 uestra
672 339 768 383 quasi
790 340 834 372 sit
856 338 966 383 quod-

66 395 80 427 ’2
125 391 143 412 ‘⁶
154 394 233 427 dam
258 393 376 436 Regni
390 393 501 427 nostri
514 392 663 426 hostium
679 398 714 426 et
726 393 915 436 ingressus,
931 399 967 426 et

122 445 139 464 “
153 446 249 490 quod
263 451 356 479 terra
371 446 570 479 monasterii
585 445 638 484 sit,
655 451 691 478 et
704 445 835 479 nullum
850 446 966 489 aliquo

63 496 69 514 ·’
127 501 142 519 ⁸
154 505 311 543 tempore
343 511 408 544 per
437 511 515 533 eam
547 510 727 543 possemus
761 500 966 533 scandalum

60 547 83 581 {³
126 553 359 593 ‘formidare,
381 553 624 597 suggestiones
652 563 771 585 eorum
800 563 902 586 ueras
933 559 967 585 et
1052 551 1069 583 5

111 607 112 610 ’
127 607 143 624 “
153 616 279 649 preces
301 606 493 640 laudabiles
514 606 739 639 aduertentes
755 606 906 639 edictum
923 607 966 639 de

75 669 80 680 ³
126 659 336 693 ‘diruendis
357 659 466 693 muris
494 660 530 692 in
555 665 648 692 terra
669 665 786 692 uestra
809 660 968 692 iussimus

61 741 81 753 „
127 711 383 752 “circumduci‚
413 714 572 746 uolentes
604 718 641 745 ut
674 714 762 745 muri
792 714 901 746 uestri
930 713 967 744 in

123 767 140 784 ⁶
154 777 217 800 sua
243 766 348 809 plena
377 766 577 809 integritate
607 766 810 808 perdurent.
855 765 968 808 Super

53 816 63 834 θ
126 821 142 838 “
155 819 223 852 hoc
240 825 353 853 autem
369 819 524 852 Henrico
540 819 585 851 de
601 819 722 851 Morra
732 818 837 852 Curie
853 825 968 852 nostre
1035 818 1073 850 10

127 875 142 892 ⁸
154 873 326 916 Magistro
349 873 528 906 iustitiario
544 877 681 905 nostras
704 872 886 915 dirigimus
901 872 968 904 ius-

127 926 278 959 “siones-
323 926 449 959 Datum
472 925 646 958 Siracusie
678 925 754 958 xx.⁰
783 925 861 957 Iulii
892 931 969 958 xn.e

128 981 143 999 ⁸
155 979 357 1013 indictionis
369 1003 399 1020 ,,.

210 1033 295 1065 Item
311 1032 385 1075 ipse
402 1031 559 1065 dominus
574 1031 766 1074 Imperator
779 1032 969 1065 iustitiariis

122 1085 233 1118 Terre
255 1085 416 1123 Laboris,
431 1085 544 1118 silicet
559 1084 699 1117 domino
714 1081 820 1118 Petro
837 1086 969 1118 domini
1034 1084 1072 1117 15

125 1138 229 1172 Euoli
250 1144 284 1170 et
300 1137 439 1171 domino
455 1137 631 1171 Nicholao
648 1138 692 1170 de
709 1138 831 1172 Cicala
845 1138 867 1177 ¹,
890 1150 970 1172 suas

59 1185 66 1233 J
123 1190 245 1236 dirigit
266 1191 407 1224 lieteras
427 1192 465 1224 in
488 1191 585 1228 hunc,
603 1192 757 1229 modum,
781 1203 867 1236 quas
889 1192 969 1234 per'

46 1250 232 1284 amtotum
255 1245 511 1278 iustitiariatum
533 1255 631 1278 suum
655 1245 699 1278 ab
730 1245 780 1278 eis
810 1246 970 1288 precepit

45 1289 54 1300 ⁵
122 1297 305 1343 publicari.

218 1353 233 1370 ‘⁴
245 1351 480 1394 Fr[edericus]
492 1358 527 1385 et
538 1358 667 1386 cetera.
681 1352 787 1386 Petro
799 1353 844 1385 de
857 1352 969 1386 Euolo
1033 1354 1075 1386 20

128 1404 143 1422 ⁸
157 1410 195 1438 et
217 1405 386 1438 Nicholao
411 1406 455 1438 de
486 1405 609 1439 Cicala
638 1405 829 1439 iustitiariis
858 1407 970 1439 Terre

130 1458 304 1492 ‘Laboris
325 1464 361 1492 et
392 1464 520 1492 cetera.
566 1459 746 1492 Clamores
771 1459 971 1493 innumeros

129 1512 145 1529 ⁸
158 1512 218 1556 qui
232 1522 275 1544 ex
286 1517 386 1554 parte
402 1513 613 1555 prelatorum
625 1513 742 1556 Regni
757 1513 864 1546 nostri
878 1513 970 1546 auri-

132 1565 222 1599 “bus
253 1566 381 1599 nostris
411 1566 542 1609 iugiter
570 1566 792 1600 inculcantur
820 1568 888 1600 iam
918 1569 970 1601 sic

132 1620 147 1636 ‘⁴
159 1629 229 1652 non
243 1629 423 1662 possumus
439 1619 606 1652 obaudire
623 1620 707 1664 quin
723 1621 774 1654 eis
789 1621 892 1654 finem
909 1622 970 1654 im·
1033 1621 1074 1654 25

132 1673 337 1715 “ponamus
375 1673 503 1706 Eorum
534 1673 651 1716 itaque
678 1674 843 1717 frequens
868 1675 971 1708 nobis

132 1727 147 1744 “
159 1731 194 1758 et
215 1726 415 1768 importuna
438 1727 654 1769 querimonia
669 1727 849 1770 patefecit,
865 1729 971 1771 quod,

131 1778 147 1796 ⁸
161 1790 239 1812 cum
256 1779 324 1822 ipsi
339 1780 490 1823 prompti
505 1781 575 1812 sint
590 1786 625 1813 et
639 1780 762 1823 parati,
778 1781 868 1814 sicut
882 1782 972 1815 exti-

132 1835 276 1866 “terunt
298 1844 378 1866 cum
400 1843 421 1865 a
444 1833 541 1866 curia
562 1840 679 1866 nostra
701 1834 901 1867 mandatum
917 1845 972 1868 re-

131 1886 147 1903 ¹‘
160 1886 319 1930 ceperint
341 1887 486 1929 spetiale
511 1887 556 1919 de
575 1887 678 1920 rebus
693 1887 919 1920 ecclesiarum
938 1895 972 1921 et
1034 1890 1077 1922 30

133 1940 381 1979 ‘clericorum,
411 1939 702 1979 obedientiarum,
729 1941 907 1974 hominum
938 1948 973 1975 et

132 1993 148 2010 ‘⁶
161 1994 402 2036 possexionum
417 2005 556 2027 suarum
573 1993 675 2027 nobis
689 1994 784 2027 iuxta
807 1993 972 2038 benepla-

135 2049 150 2066 “
163 2047 272 2080 citum
294 2053 448 2080 nostrum
475 2047 603 2080 deuote
626 2047 772 2087 seruire,
788 2048 884 2091 quod
898 2049 971 2092 lay-

135 2101 149 2118 ⁸
163 2110 223 2134 cos
246 2100 402 2133 homines
426 2107 592 2134 terrarum
616 2100 741 2144 quibus
764 2107 908 2144 presunt
939 2107 973 2134 et

131 2154 147 2170 ‘⁸
161 2153 221 2186 ubi
236 2153 403 2186 ecclesias
417 2153 636 2187 obedientias
651 2154 736 2186 cleri
741 2164 802 2187 cos
818 2154 974 2187 homines

135 2209 149 2226 ‘⁴
162 2212 198 2240 et
218 2206 455 2249 possessiones
477 2207 618 2245 habent,
642 2207 792 2250 antiquis
806 2207 972 2240 libertati-
1037 2209 1077 2243 35

136 2261 151 2278 “
163 2259 227 2293 bus
249 2260 476 2292 ecclesiarum
491 2270 576 2303 quas
590 2261 802 2303 temporibus
817 2261 973 2294 felicium

135 2315 283 2357 ‘regum
307 2314 591 2357 predecessorum
617 2322 812 2348 nostrorum
845 2315 974 2348 habue-

136 2368 152 2387 “
164 2374 243 2401 rant
258 2368 466 2406 inuidentes,
482 2368 518 2399 in
534 2367 624 2401 datis
638 2367 750 2401 talleis
766 2374 801 2401 et
818 2368 976 2401 collectis

137 2423 152 2440 ⁸
165 2427 200 2454 et
222 2421 299 2454 aliis
322 2421 471 2464 publicis
492 2421 652 2459 seruitiis,
667 2431 735 2464 que
752 2422 795 2456 de
811 2422 974 2454 mandato

137 2476 152 2493 ⁸
164 2481 280 2508 nostro
295 2474 469 2508 interdum
486 2475 691 2518 contingunt
701 2475 777 2508 fieri
792 2475 883 2508 inter
897 2486 973 2513 eos3
1038 2479 1080 2510 40

137 2529 337 2562 “malitiose
360 2529 561 2566 miscentur,
583 2534 617 2560 et
640 2528 685 2561 ad
716 2529 974 2562 communican-

137 2581 246 2616 “dum
269 2592 349 2615 cum
370 2581 454 2624 ipsis
476 2591 547 2614 non
569 2581 698 2624 absque
721 2582 846 2626 grandi
860 2583 974 2625 preiu-

225 2733 248 2751 1.
267 2728 368 2751 nostra
386 2734 436 2751 mm
455 2728 550 2752 uestra
571 2727 635 2751 Cod.
654 2738 687 2744 —
707 2725 732 2751 8.
750 2728 781 2751 ut
805 2726 928 2752 edictum
949 2727 978 2751 di

47 2766 58 2800 ,ζ
68 2794 78 2810 ,Ἰ
131 2771 224 2802 prima
236 2778 312 2796 mano
325 2779 339 2795 e
346 2771 396 2802 poi
407 2774 515 2802 espunto
527 2770 652 2795 edictum
669 2771 732 2795 Cod.
746 2783 779 2788 -—-
794 2770 834 2795 16.
852 2771 878 2794 N
881 2771 977 2796 icholo

137 2813 171 2839 de
189 2814 288 2840 Cicale
305 2814 402 2841 Gum.
420 2828 455 2833 --
474 2821 565 2847 23-24.
583 2814 700 2839 auribus
718 2814 812 2839 nostrl
830 2814 924 2841 Gnm.

2 2991 4 2994 ⁴
47 2986 74 3001 J
229 2962 237 2980 ¹
258 2963 347 2990 Come
365 2965 524 2998 glustlzleri
546 2964 576 2989 dt
595 2963 684 2989 Terra
702 2963 732 2988 di
758 2963 881 2993 Lavoro,
906 2964 964 2989 alla
990 2965 1034 2989 di·
1087 2965 1200 2989 notIzla
1220 2964 1270 2988 che
1289 2963 1314 2988 si
1333 2963 1417 2988 abbla
1437 2961 1464 2986 di
1486 2961 1584 2986 Ptetro
1603 2961 1687 2984 conte
1706 2958 1817 2983 d’Eboll
1845 2965 1859 2983 e
1878 2958 1908 2982 dl
1927 2957 1979 2982 Ni-

2 3004 7 3036 J,
56 3005 67 3014 ‘
96 3001 126 3038 5Δ
141 3006 288 3040 pendentm
301 3006 346 3032 del
361 3006 486 3032 Maesti-o
505 3007 678 3039 giustiziere,
693 3007 790 3039 questa
803 3004 818 3031 ὲ
832 3006 859 3031 la
872 3004 923 3040 plis
937 3007 1033 3031 antica
1088 3006 1152 3031 cola
1172 3006 1205 3030 de
1225 3005 1340 3035 Cicala3
1360 3005 1395 3030 cf.
1417 3005 1549 3035 ΒδκΜικ,
1571 3010 1617 3026 nn.
1640 3000 1716 3034 1685,
1738 3000 1813 3046 16.87,
1834 2999 1928 3034 14687.
