2320 3444
1898 225 1971 265 207
2021 238 2097 261 Mun„
2113 243 2132 257 e.
2150 242 2201 262 1045

911 229 1191 265 CHRONICA

134 235 219 277 [aa.
239 237 432 270 1240-1241]

220 350 342 396 Mense
366 361 513 406 Augusti
537 362 659 396 ciuitas
689 363 938 395 Beneuentana
960 361 1140 395 obsidetur
1161 362 1256 394 iussu
1280 360 1514 403 Imperatoris.
1560 359 1753 402 Imperator
1781 360 1857 402 ipse
1887 368 1972 391 uero
1995 369 2086 390 absida,
2094 370 2213 392 Fama-e.

135 415 312 450 ciuitatem
338 416 504 449 Fauentie
527 421 640 449 arctat
664 421 700 448 et
721 414 859 448 obsidet
872 414 892 448 ¹.

222 469 342 502 Mense
367 469 581 511 Septembris
604 470 706 513 galee
729 468 879 501 Uenetie
904 469 1136 501 discurrentes
1158 478 1220 510 per
1243 467 1405 511 Regnum
1429 467 1464 499 in
1488 467 1605 499 odium
1630 465 1865 509 Imperatoris,
1887 465 1977 498 Ter·
2003 465 2214 517 U‘Ifissfgrmgssgss'ss

54 546 55 549 η
135 522 245 554 mulas
267 520 410 554 Uestam
435 528 470 554 et
493 522 658 565 quasdam
683 521 767 554 alias
789 520 916 564 Apulie
939 528 1050 554 terras
1066 521 1258 563 capientes,
1283 521 1528 553 destruxerunt
1544 526 1579 552 et
1602 519 1702 551 bonis
1717 519 1877 552 omnibus
1899 530 1979 562 spo-

59 587 66 601 τ
92 574 111 607 5
134 574 275 607 liar-unt.
321 574 419 617 Aput
441 575 675 607 Brundusium
706 580 827 607 euntes
856 575 1015 617 predicte
1045 574 1158 617 galee,
1189 584 1313 606 nauem
1344 574 1516 616 quandam
1548 573 1752 605 redeuntem
1783 573 1827 605 ab
1858 573 1978 605 Ihero-

133 628 274 666 solimis,
298 639 377 661 cum
400 639 471 661 non
494 635 634 671 possent
656 628 692 660 ui
715 638 854 670 capere,
877 628 960 671 igne
984 633 1181 660 cremarunt
1194 627 1218 659 ².
1262 627 1393 659 Milites
1417 627 1475 669 qui
1499 631 1667 658 steterant
1692 625 1726 658 in
1743 624 1872 659 Sancto
1890 627 1978 660 Ger-

133 692 238 714 mano
261 682 306 714 ad
330 681 580 724 Imperatorem
602 681 734 713 uadunt
757 687 839 723 aput
863 681 1078 719 Fauentiam,
1102 690 1146 713 ex
1169 681 1220 712 eis
1247 680 1452 723 quibusdam
1483 680 1519 711 in
1550 679 1693 721 propria
1723 678 1977 712 recedentibus.

225 735 348 767 Mense
371 735 536 768 Octobris
560 734 660 778 galee
684 734 758 776 ipse
783 734 899 766 multis
921 739 1040 766 onuste
1065 734 1185 776 spoliis
1208 734 1242 766 in
1267 744 1327 766 sua
1350 732 1532 765 redeunt⁸.

222 787 347 821 Mense
371 788 580 821 Nouembris
602 788 729 820 fratres
753 787 998 820 predicatores
1013 793 1047 819 et
1071 787 1228 819 Minores
1251 797 1371 819 omnes
1387 786 1432 818 de
1449 786 1576 828 Regno
1601 791 1741 823 exeunt,
1763 786 1977 829 Imperatore

135 895 296 928 domibus
318 895 364 928 ad
387 895 579 928 custodiam
604 894 805 927 earundem.

222 947 344 981 Mense
367 947 571 980 Decembris
583 970 592 980 .
606 971 614 979 .
628 971 636 980 .
650 969 659 979 .
672 946 679 961 '
690 946 713 979 ⁴.

221 1053 460 1088 M⁰CC⁰XLI⁰.

505 1053 628 1086 Mense
659 1053 810 1086 Ianuarii
840 1063 904 1096 per
925 1058 1036 1085 totum
1060 1053 1225 1096 Regnum
1256 1052 1431 1097 generalis
1463 1053 1615 1086 collecta
1646 1054 1809 1097 exigitur.

51 842 112 875 10
136 842 334 880 mandante,
358 841 494 874 duobus
515 846 646 873 tantum
667 840 809 878 relictis,
833 839 894 883 qui
916 840 984 872 sint
1008 841 1051 872 de
1082 839 1211 883 Regno
1233 840 1355 878 natiui‚
1378 839 1415 870 in
1441 839 1588 881 singulis
1619 840 1812 882 quibusque
1839 839 1976 873 illorum

1854 1055 1980 1087 Iohan-

134 1119 196 1141 nes
218 1108 262 1140 de
277 1108 471 1149 Columpna
487 1106 677 1139 cardinalis
692 1106 823 1139 discors
838 1107 953 1139 factus
968 1117 1047 1138 cum
1071 1105 1243 1149 Gregorio
1260 1117 1352 1149 papa
1366 1106 1402 1137 in
1418 1112 1551 1148 partem
1570 1106 1664 1138 cedit
1688 1107 1920 1148 Imperatoris,
1942 1113 1977 1140 et

40 1163 45 1177 ²
70 1160 109 1194 15
133 1160 322 1204 Laguatan:
344 1162 380 1193 in
402 1160 511 1198 Urbe,
534 1165 568 1192 et
590 1165 687 1192 extra
711 1159 844 1192 Urbem
867 1159 936 1192 alia
960 1156 1075 1192 castra
1097 1170 1159 1192 sua
1181 1160 1310 1192 firmari
1332 1159 1428 1192 iubet
1441 1159 1463 1192 ⁶.

225 1281 248 1306 3.
268 1271 373 1297 Veneti
391 1274 491 1297 contra
509 1271 712 1304 Imperatorem
732 1274 778 1297 nel
794 1273 919 1305 margine
938 1276 1042 1297 esterno
1061 1273 1092 1296 ai
1109 1280 1185 1296 mano
1204 1273 1250 1297 del
1261 1281 1311 1298 sec.
1325 1272 1403 1297 XIV
1414 1272 1476 1296 Cod.
1491 1286 1523 1290 —-
1537 1272 1592 1304 5-6.
1606 1273 1791 1305 ierosolymis
1812 1273 1896 1305 UGH.,
1917 1275 1979 1299 DaL

134 1315 180 1341 R:
197 1328 231 1333 —
254 1321 294 1340 1².
314 1316 372 1340 Nel
387 1316 515 1348 margine
533 1318 637 1340 esterno
655 1316 682 1339 si
698 1316 795 1348 leggae:
815 1315 919 1339 Annus
938 1316 1087 1348 proximus
1106 1315 1137 1339 in
1157 1315 1291 1347 proxima
1310 1316 1417 1347 pagina
1436 1315 1549 1339 orditur
1569 1317 1635 1342 Cod.

221 1411 230 1427 ¹
246 1412 260 1427 ⁸
269 1413 399 1438 Exeunte
412 1414 548 1445 proximo
561 1414 675 1445 augusti
690 1415 846 1445 imperator
855 1413 942 1438 finxit
952 1413 1025 1446 apud

135 1455 149 1470 “
159 1455 329 1481 Faventiam
341 1458 371 1481 et
384 1456 531 1480 combuxit
545 1456 650 1488 burgos
664 1456 842 1481 extrinsecos
861 1457 991 1481 civitatis
1001 1465 1026 1487 „3

1583 1414 1706 1439 Francia
1731 1400 1864 1439 debbono
1889 1417 1976 1440 soste-

1081 1462 1147 1479 nere
1165 1456 1176 1479 i
1197 1455 1331 1488 palatini,
1353 1454 1413 1481 “Et
1435 1464 1518 1481 anem
1543 1456 1583 1481 lai
1603 1463 1638 1481 en
1657 1457 1753 1481 Poilla
1787 1456 1791 1489 1
1827 1458 1855 1482 lo
1881 1457 1978 1490 Regne

1081 1413 1143 1437 dice
1163 1413 1213 1437 che
1232 1412 1261 1437 la
1281 1412 1386 1438 Chiesa
1404 1421 1418 1438 e
1439 1413 1460 1438 il
1480 1421 1509 1438 re
1528 1413 1556 1438 di

2064 1066 2083 1080 c.
2099 1066 2142 1085 45*

90 1505 104 1532 5
133 1498 253 1524 Annales
272 1499 436 1528 Placentini.
456 1499 511 1523 loe.
532 1500 595 1524 cib:
619 1497 972 1531 “Qu1(1mperator)cum
986 1506 1028 1523 re·
1083 1497 1273 1530 “conquerer,
1300 1498 1304 1531 Ι
1334 1498 1391 1523 Car
1410 1499 1451 1523 cel
1470 1499 1553 1531 qu'en
1573 1499 1648 1524 Dieu
1669 1507 1725 1524 non
1747 1507 1792 1524 ere
1820 1499 1824 1532 Ι
1854 1508 1911 1525 non
1925 1502 1978 1525 deu

135 1540 283 1572 “cepisset
301 1539 482 1566 Ravennates
503 1542 538 1566 ad
564 1548 613 1565 sua
638 1541 782 1570 mandata,
807 1541 855 1565 dle
879 1541 1028 1565 dominico
1083 1538 1183 1564 “terra
1201 1541 1290 1565 tener.
1300 1558 1323 1572 ,„
1344 1541 1382 1564 mi
1403 1541 1540 1573 persuade
1559 1541 1611 1566 che
1636 1541 1664 1566 la
1689 1549 1738 1566 sua
1764 1542 1977 1574 composizione
2005 1546 2038 1572 45

135 1581 287 1615 “sequenti
307 1589 341 1608 V1
359 1583 459 1608 eodem
477 1591 572 1608 mense
591 1585 704 1616 augusti
724 1585 845 1608 exeunte
867 1583 924 1615 (che
949 1586 1027 1608 torna
1081 1589 1166 1615 possa
1186 1583 1339 1614 riportarsi
1359 1583 1394 1607 ad
1413 1590 1451 1607 un
1472 1585 1569 1616 tempo
1595 1584 1624 1608 di
1651 1591 1725 1616 poco
1751 1586 1897 1609 anteriore
1920 1585 1978 1610 alle

135 1625 277 1657 “apparato
296 1626 442 1651 all'ultr'ma
461 1626 610 1651 domenica:
623 1626 659 1651 26
672 1624 732 1659 ag.)
745 1626 802 1651 ivit
815 1633 878 1650 cum
893 1625 1027 1651 Conrado
1081 1625 1245 1649 incursioni
1264 1632 1278 1649 e
1297 1626 1492 1658 rappresaglie
1511 1626 1559 1650 dei
1578 1626 1736 1651 Veneziani
1757 1628 1786 1651 in
1806 1627 1918 1660 Puglia.

41 1698 44 1700 v
136 1666 264 1701 ‘⁴(invece
288 1668 319 1692 aa·
342 1667 456 1701 Enrico)
479 1668 542 1692 filio
567 1675 619 1693 suo
644 1669 672 1693 et
697 1668 829 1693 omnibus
854 1669 1027 1693 exercitibus
1168 1665 1180 1682 ²
1198 1666 1222 1691 11
1242 1669 1377 1692 raeconto
1397 1668 1425 1692 di
1446 1670 1543 1700 queste
1563 1669 1725 1693 incursioni
1743 1675 1758 1693 e
1784 1669 1979 1702 rappresaglie

43 1718 45 1722 ·
75 1721 108 1739 10
136 1710 258 1736 “eorum
279 1709 448 1735 Faventiam
472 1712 500 1735 et
523 1717 585 1735 eam
610 1710 821 1744 obsederunt„;
849 1711 1028 1743 spicilegium
1081 1710 1105 1733 si
1125 1709 1163 1733 ha
1183 1711 1213 1733 in
1232 1709 1362 1734 Armaza
1381 1711 1535 1739 DANDOLo.
1558 1711 1704 1736 chronicon
1732 1711 1853 1736 Venetam
1873 1721 1890 1736 a
1911 1715 1978 1742 pon-

135 1753 209 1778 Rav.
228 1752 311 1782 brist..
329 1753 360 1777 in
380 1753 553 1782 Murum-oar,
572 1753 638 1778 RR.
659 1753 699 1778 II.
719 1752 780 1782 SS„
799 1754 858 1782 cit.‚
877 1753 912 1783 ΙΙ,
925 1760 952 1786 p.
967 1751 1028 1785 578.
1081 1751 1186 1784 txflcatu
1204 1752 1294 1776 sancti
1311 1752 1407 1777 Marci
1418 1753 1456 1777 ad
1467 1761 1563 1777 annum
1577 1761 1656 1785 usque
1671 1761 1743 1786 1339,
1758 1753 1789 1778 ln
1804 1754 1978 1783 Murum-mu,
2007 1761 2040 1787 50

133 1794 324 1820 Dell’assedlo
343 1796 372 1820 di
399 1795 517 1826 Faenza,
544 1795 620 1820 oltre
644 1796 703 1828 agli
729 1796 849 1820 Annales
874 1796 1028 1824 Ianuenses,
1083 1794 1147 1819 RR.
1170 1795 1209 1819 ΙΙ.
1229 1794 1290 1824 SS„
1308 1794 1369 1824 ΧΠ,
1394 1802 1420 1828 p.
1447 1800 1514 1827 3523
1539 1795 1685 1820 Maarmo
1713 1802 1752 1820 na
1777 1795 1909 1826 Carum,
1935 1797 1979 1821 La

133 1837 203 1863 Anu.
222 1838 251 1863 S.
276 1838 459 1869 Pantaleonis,
485 1839 555 1863 Ama.
582 1838 612 1863 S.
637 1838 757 1864 Iustinae
779 1846 795 1863 e
820 1846 835 1863 ι
860 1838 1028 1863 Rolandino
1084 1838 1206 1861 Cronaca
1224 1837 1299 1862 della
1317 1837 1385 1862 citt&
1403 1839 1449 1862 dei
1471 1838 1616 1863 Veneziam·
1634 1839 1812 1870 dall'origine
1825 1840 1898 1864 della
1911 1839 1978 1864 citt&

133 1880 300 1911 Padovano,
318 1881 400 1913 paria
418 1881 508 1905 anche
526 1881 555 1906 la
568 1880 694 1906 Cronica
706 1881 734 1906 di
749 1880 900 1906 Giovanni
915 1881 1027 1906 Villani
1082 1880 1112 1903 al
1129 1885 1208 1910 1275,
1229 1879 1258 1904 in
1279 1880 1463 1905 Archivio
1483 1880 1634 1905 Storico
1653 1881 1725 1905 Ital
1738 1882 1769 1905 ia
1781 1888 1832 1913 no,
1853 1882 1979 1912 Fir-enze,

75 1927 105 1955 ις
133 1922 277 1956 (Crom'che
301 1923 330 1947 di
357 1921 454 1951 Gxov..
480 1922 607 1947 Mai-‘rao
629 1929 647 1947 a
664 1923 788 1948 Fruero
806 1922 944 1952 vinam,
969 1923 1029 1953 cit.‚
1082 1921 1149 1946 vm
1167 1922 1203 1954 (a.
1226 1919 1314 1954 1845),
1341 1930 1368 1955 p.
1389 1929 1449 1955 300.

134 1966 192 1991 vol.
210 1965 232 1996 1,
249 1973 276 1997 p.
294 1965 327 1990 82
347 1972 363 1989 e
381 1972 431 1998 sg„
450 1964 501 1990 ub.
519 1963 543 1995 6,
558 1973 582 1990 c.
594 1964 672 1995 XXI)
685 1966 865 1998 attingendo.
879 1965 908 1990 di
922 1966 1028 1995 sicum,
1170 1962 1181 1979 ³
1199 1964 1229 1989 Si
1250 1965 1331 1996 paria
1349 1965 1424 1990 delle
1442 1966 1520 1997 galee
1541 1966 1694 1991 veneziane
1706 1967 1848 1991 ritornale
1867 1967 1979 1991 cariche
2006 1973 2038 2000 55

133 2007 191 2032 alle
211 2007 297 2032 solite
315 2007 471 2040 traditioni
491 2007 595 2040 guelse.
1081 2005 1109 2030 di
1135 2006 1263 2031 bottino.
1299 2005 1409 2036 Questa
1434 2009 1545 2032 notizia
1571 2010 1595 2033 si
1623 2009 1735 2041 collega
1760 2009 1902 2033 coll'altra
1928 2009 1978 2033 che

223 2049 262 2074 m
280 2049 485 2082 quest'assedio
510 2049 642 2074 abbiamo
667 2050 695 2074 la
720 2049 898 2075 descrizione
921 2050 973 2074 che
996 2050 1027 2074 lo
1081 2048 1426 2079 Humano-Bassaniam,
1445 2051 1480 2080 V,
1500 2058 1547 2084 pp.
1568 2051 1673 2083 1057-8,
1692 2053 1781 2076 trasse
1800 2051 1847 2076 dal
1869 2052 1978 2076 Chroni-

135 2094 226 2117 stesso
245 2092 419 2124 imperatore
440 2090 544 2116 mando
563 2092 595 2116 in
614 2093 677 2123 quei
697 2092 796 2124 giomi
817 2092 846 2116 ai
865 2093 927 2116 suoi
943 2091 1026 2116 fedeli
1081 2099 1127 2115 con
1149 2091 1182 2115 de
1201 2092 1279 2116 rebus
1297 2092 1325 2115 in
1348 2092 1432 2116 Italia
1448 2093 1546 2124 gestis,
1560 2100 1587 2125 p.
1605 2091 1668 2124 184:
1682 2092 1694 2105 ¹⁴
1709 2093 1838 2118 Venetici
1853 2094 1883 2117 in
1898 2093 1978 2125 Apu-

4 2127 6 2129 *
38 2127 47 2160 ,s
73 2143 108 2163 πο
135 2134 250 2159 alleati:
272 2134 285 2148 ‘⁴
297 2153 303 2159 .
315 2152 322 2159 .
335 2153 340 2159 .
353 2151 359 2159 .
371 2134 498 2166 Cumque
517 2134 594 2158 infra
609 2134 671 2159 dies
689 2135 825 2166 quattuor
845 2135 960 2159 siccatis
979 2142 1028 2167 pa·
1083 2130 1096 2143 ⁸
1108 2130 1176 2155 liam
1196 2132 1378 2156 intraverunt
1397 2133 1532 2157 civitates
1557 2135 1585 2158 et
1608 2133 1673 2158 loca
1698 2134 1781 2166 juxta
1808 2141 1882 2157 mare
1907 2134 1978 2158 sitas

41 2171 43 2174 ¹
137 2177 150 2190 ¹¹
162 2177 287 2208 ludibus,
308 2177 447 2202 derivatis
467 2176 631 2202 fluminibus
650 2183 703 2208 que
722 2177 876 2209 cingebant
901 2176 1026 2202 eamdem
1083 2173 1294 2206 “depredantes
1313 2176 1340 2199 et
1359 2176 1445 2200 etiam
1464 2176 1534 2200 duas
1555 2183 1640 2201 naves
1661 2177 1844 2208 imperatoris
1864 2177 1893 2201 in
1915 2177 1977 2209 qui·
2005 2177 2040 2202 60

137 2219 189 2244 “et
207 2220 237 2243 in
257 2219 360 2251 quibus
380 2219 561 2251 potissimum
580 2218 758 2243 confidebant
777 2220 805 2243 et
825 2219 910 2243 factis
924 2219 1027 2250 ubique
1083 2216 1157 2241 “bus
1176 2218 1260 2242 multi
1281 2218 1411 2242 homines
1430 2220 1513 2243 erant
1531 2227 1592 2243 cum
1613 2219 1739 2244 maximo
1752 2220 1885 2244 thesauro
1900 2227 1977 2245 com-

137 2260 307 2294 “pontibus‚
327 2262 356 2285 in
377 2261 502 2285 instanti
519 2261 658 2285 exercitui
676 2262 775 2285 nostro
801 2261 859 2285 iam
884 2261 1027 2286 facillima
1082 2257 1248 2282 “burentes.
1285 2258 1366 2283 Unde
1391 2260 1548 2292 imperator
1576 2260 1661 2284 valde
1688 2260 1859 2293 indignatus
1885 2268 1978 2285 mense

37 2326 40 2332 ,
136 2302 150 2317 ¹¹
161 2305 272 2338 poteret
284 2303 410 2336 undique
423 2304 520 2335 captio
534 2303 674 2334 civitatis,
690 2304 730 2328 lta
743 2304 819 2336 quod
830 2304 944 2336 quidam
960 2312 1026 2336 pau·
1083 2299 1096 2312 '‘
1106 2300 1269 2324 novembris
1289 2301 1439 2326 mandavit
1461 2303 1489 2326 in
1509 2302 1649 2335 ApulIam
1667 2304 1696 2327 et
1716 2303 1787 2327 fecit
1806 2303 1977 2336 suspendere

3 2347 10 2371 ζ
34 2346 39 2370 ’.
73 2352 107 2380 25
137 2346 272 2371 ‘tissimi
289 2347 324 2371 de
342 2347 469 2370 exercitu
489 2347 588 2371 nostro
606 2353 638 2370 ea
656 2347 736 2378 parte
754 2353 807 2378 que
820 2348 914 2371 castra
927 2348 1027 2372 nostra
1083 2342 1242 2367 “comitem
1261 2343 1374 2368 Petrum
1395 2344 1534 2376 'sepulum
1554 2344 1645 2369 filium
1665 2345 1745 2370 ducis
1766 2346 1882 2370 Venetie
1896 2353 1976 2377 quem

4 2384 6 2386 ’
42 2388 47 2390 ’
137 2388 328 2414 “suburbium
347 2388 543 2420 accingebant,
563 2395 726 2421 aggressum
745 2388 869 2413 subitum
891 2389 1027 2414 facientes
1082 2385 1253 2410 “detinebat
1284 2387 1457 2412 carceratum
1470 2403 1495 2418 1,,
1516 2386 1553 2411 fin
1573 2387 1620 2411 dal
1650 2393 1725 2419 1237.
1752 2388 1786 2416 X.
1805 2388 1842 2412 cf.
1869 2395 1896 2421 p.
1918 2387 1977 2420 ¹96·
2005 2391 2036 2423 65

137 2430 326 2456 “suburbium
348 2431 441 2463 ipsum
462 2431 491 2454 in
511 2431 658 2455 momento
683 2432 817 2463 ceperunt
840 2433 869 2456 et
893 2431 1027 2455 sumese-
1168 2427 1268 2452 Anche
1286 2429 1327 2461 gli
1349 2430 1472 2454 Annales
1490 2430 1655 2461 Placentini,
1675 2432 1733 2460 cit.‚
1754 2430 1788 2455 ad
1809 2439 1832 2455 a.
1852 2432 1977 2463 riperta-

138 2472 152 2486 ⁸
161 2474 229 2498 runt
247 2472 398 2504 incend103
410 2474 439 2497 et
451 2473 493 2496 sic
507 2479 569 2497 cum
583 2472 617 2497 de
631 2473 754 2497 instanti
767 2474 896 2498 civitatis
909 2475 1027 2506 captura
1080 2478 1119 2495 no
1132 2472 1230 2502 questa
1244 2471 1366 2502 notizia,
1380 2472 1614 2505 aggiungendovi
1629 2480 1698 2506 pure
1711 2473 1739 2498 la
1753 2472 1906 2497 condanna
1919 2472 1975 2497 alla

42 2534 44 2538 .
136 2515 241 2540 “nulla
259 2516 374 2548 penitus
393 2515 524 2539 dubietas
552 2514 711 2546 haberetur,
729 2515 828 2540 statlm
853 2516 1027 2540 universitas
1082 2513 1159 2538 forest
1178 2513 1207 2537 dl
1227 2512 1324 2538 Pietro
1343 2514 1483 2547 ΤῑθρῡῙΟῖ
1503 2515 1635 2544 ΒῦΗΜΕΚ,
1657 2523 1684 2540 ¹¹·
1703 2520 1770 2548 3¹53
1782 2524 1807 2540 a·

34 2558 46 2588 J
74 2566 110 2592 3⁰
138 2555 425 2582 “Ravennatensium
445 2557 480 2581 ad
494 2556 578 2588 pedes
593 2558 709 2581 nostros
722 2558 843 2582 nuncios
863 2564 928 2582 suos
941 2558 1027 2582 desti·
1168 2553 1178 2571 ⁴
1197 2555 1284 2580 Forse
1302 2557 1352 2588 qui
1371 2555 1405 2581 R.
1426 2557 1548 2582 avrebbe
1575 2558 1685 2582 dovuto
1712 2558 1826 2582 riferire
1851 2556 1976 2581 l’ordine

138 2599 152 2614 Β
164 2601 270 2625 nantur
281 2618 286 2624 .
299 2618 304 2625 ,
319 2618 341 2624 ,,
352 2609 382 2631 „;
407 2598 754 2631 Hartman-naaman,
773 2600 807 2630 V,
832 2607 879 2633 pp,
902 2607 1025 2633 1029.30;
1079 2597 1320 2630 dell’imperatore
1333 2600 1359 2623 ai
1375 2600 1535 2631 giustizieri
1551 2599 1579 2623 di
1594 2606 1677 2624 avere
1687 2601 1776 2624 nuovi
1795 2598 1976 2630 “subsidia„v
2005 2606 2038 2631 70

137 2641 272 2671 Bonum.
293 2649 319 2667 n.
339 2649 418 2675 3¹34·
1079 2640 1129 2664 che
1147 2640 1190 2672 gli
1210 2647 1406 2666 occorrevano
1426 2649 1476 2675 per
1501 2643 1673 2666 continuare
1699 2642 1725 2666 le
1750 2642 1920 2673 operazioni
1946 2641 1976 2666 di

222 2683 351 2710 Durante
371 2686 471 2716 questo
492 2685 604 2709 assedio
630 2684 695 2716 Ugo
721 2684 751 2708 di
775 2683 831 2709 San
857 2683 925 2709 Circ
950 2693 1026 2710 com-
1079 2689 1194 2714 guerrag
1215 2685 1394 2715 soprattutto
1415 2684 1490 2708 dalle
1510 2685 1612 2713 chiese,
1633 2684 1677 2708 dai
1693 2684 1810 2708 chierici
1831 2692 1845 2707 e
1858 2683 1904 2708 dai
1922 2684 1978 2708 feu-

136 2731 204 2758 posc
224 2725 245 2749 11
265 2732 317 2750 suo
330 2725 492 2750 Sirventese
511 2725 568 2757 agii
591 2725 724 2750 assediati
745 2725 776 2750 di
793 2724 914 2755 Faenzn,
933 2726 983 2750 che
996 2726 1027 2750 1ο
1080 2725 1187 2754 datam
1208 2725 1244 2751 cs.
1263 2726 1614 2757 HmLLARu—Baffflontas,
1633 2726 1666 2755 V,
1686 2734 1713 2758 p.
1733 2726 1798 2759 1058
1818 2734 1832 2750 e
1852 2733 1891 2758 sg.
1917 2727 1975 2750 col-

74 2774 108 2802 ³⁵
137 2767 295 2799 Zingarelli
315 2768 437 2798 (Intorno
456 2777 473 2792 a
491 2768 543 2792 due
561 2767 702 2792 trovatvri
718 2767 746 2792 in
767 2768 852 2792 Italia
870 2767 901 2792 in
929 2768 1027 2793 Bibl.
1079 2767 1287 2793 l’indicazione
1306 2768 1336 2792 di
1356 2767 1410 2792 fine
1431 2775 1496 2793 nov.
1518 2774 1595 2800 1240,
1607 2770 1717 2792 mentre
1736 2759 1927 2800 giustnmente
1947 2768 1976 2793 lo

138 2809 271 2834 critica
298 2810 397 2835 della
425 2809 666 2835 Letteratura
695 2809 871 2840 italiana,
897 2809 1027 2841 Firenze,
1081 2812 1205 2842 portario
1225 2809 1252 2834 al
1272 2810 1415 2834 dicembre
1434 2810 1444 2834 i
1466 2811 1588 2842 Regesta
1608 2810 1638 2834 di
1658 2811 1794 2839 Bormum,
1814 2817 1840 2835 n.
1861 2809 1939 2842 3165.
2004 2819 2035 2845 75

141 2851 215 2885 1899,
236 2859 282 2884 pp.
305 2859 314 2877 ι
335 2859 352 2876 a
374 2851 416 2885 ις)
435 2860 450 2878 e
469 2854 491 2878 11
510 2853 553 2877 De
573 2853 802 2877 Bartholomaeis
829 2853 935 2884 (Poesie
957 2853 1027 2878 Pro·
1168 2851 1179 2867 ⁶
1197 2851 1346 2877 Giovanni
1368 2853 1512 2882 Colonua,
1533 2853 1678 2877 cardinale
1698 2853 1726 2878 di
1747 2854 1774 2878 S.
1799 2853 1936 2878 Prassede
1961 2862 1975 2877 e

137 2895 247 2919 venali
262 2895 377 2920 storiehae
395 2896 451 2924 cit.‚
470 2895 503 2924 11,
523 2902 550 2927 p.
572 2901 619 2927 ¹53
641 2902 655 2919 e
674 2895 727 2927 sg.)
749 2895 902 2928 ritengono
925 2895 1027 2920 scritto
1081 2896 1263 2927 negoziatore
1282 2895 1358 2919 della
1378 2897 1476 2927 tregua
1496 2896 1628 2919 ottenuta
1648 2895 1683 2919 da
1704 2896 1840 2920 Federico
1860 2895 1887 2919 11
1904 2888 1921 2920 a
1936 2896 1974 2920 fa-

42 2958 43 2962 ,
139 2937 180 2961 fra
201 2936 228 2960 la
246 2936 300 2961 fine
318 2937 364 2961 del
386 2943 454 2969 1240
471 2946 485 2961 e
504 2937 526 2961 il
546 2937 692 2970 principio
707 2936 750 2961 del
768 2943 844 2969 1241,
858 2935 923 2962 eloe
936 2938 1027 2970 prima
1081 2944 1149 2962 vore
1169 2937 1213 2961 del
1234 2945 1314 2970 papa.
1341 2935 1425 2969 passo
1445 2937 1471 2961 al
1496 2938 1604 2970 partito
1630 2937 1873 2970 dell’imperatore
1898 2939 1974 2971 dopo

35 2975 47 3002 ἶ
77 2987 112 3014 40
137 2978 214 3003 deun
233 2985 292 3003 resa
311 2978 386 3003 della
405 2977 486 3008 citta,
505 2981 648 3004 avvenuta
667 2979 689 3003 11
713 2985 743 3011 14
762 2979 864 3012 aprile.
1081 2979 1131 3004 che
1144 2981 1246 3011 questi,
1267 2981 1393 3004 ricevute
1414 2987 1506 3004 nuove
1526 2986 1642 3010 somme,
1661 2987 1750 3012 ruppe
1770 2980 1796 3004 la
1810 2980 1974 3013 treguagcs.

36 3019 39 3023 '
226 3020 266 3045 La
285 3021 387 3046 cobola
405 3021 429 3045 V
449 3022 477 3046 dl
497 3023 597 3054 questo
616 3021 778 3046 Sirventese
796 3019 874 3053 pero,
893 3021 922 3045 in
943 3021 989 3046 cul
1002 3021 1027 3045 si
1081 3029 1108 3054 p.
1135 3028 1187 3046 210
1205 3030 1219 3047 e
1238 3030 1265 3046 n.
1285 3022 1316 3051 6;
1338 3023 1366 3046 1⁴¹.
1386 3022 1610 3051 Gaaoonovws,
1629 3026 1671 3054 op.
1689 3023 1743 3051 cit..
1763 3022 1798 3053 V,
1818 3031 1863 3055 pp.
1884 3023 1974 3055 238-9.
2003 3023 2038 3048 80
