2320 3444
387 383 432 416 de
448 382 571 426 quibus
584 381 789 415 christianus
803 380 933 413 ditatus
946 378 1120 411 exercitus
1130 384 1182 411 est
1194 383 1229 410 et

386 436 518 480 Egiptii
540 435 687 477 spoliati.
726 434 779 466 De
796 433 1001 466 Sarracenis
1023 441 1108 464 uero
1132 437 1229 463 tanta

385 489 482 521 facta
498 494 639 531 strages,
656 485 750 530 quod
773 485 970 519 christianis
993 484 1078 527 ipsis
1108 483 1226 526 displi-

386 542 468 574 cuit.
485 541 656 574 Soidanus
673 545 784 572 metus
798 549 903 572 causa
919 538 1094 570 ciuitatem
1108 542 1228 569 sancta

385 594 569 628 Ierusalem
595 593 683 625 dirui
706 592 807 624 iussit
831 603 852 624 a
874 590 1080 623 Sarracenis
1103 589 1228 623 incolis

387 648 511 685 deseri,
535 646 654 689 paucis
670 646 802 679 ibidem
818 644 1028 678 christicolis
1045 654 1229 676 remanen—

385 701 484 733 tibus.
502 700 643 732 Interim
660 698 839 731 christiani
864 697 1042 730 ciuitatem
1067 696 1226 729 Damiate

384 760 502 787 tenent
524 760 558 785 et
572 752 730 786 incolunt
746 757 782 785 et
797 763 817 784 a
831 760 1044 794 paganorum
1061 750 1228 792 spurcitia

384 807 588 839 mundantes
627 806 797 843 eamdem,
836 803 1002 837 ecclesias
1036 809 1070 836 et
1104 802 1227 835 altaria

385 865 588 893 construunt
610 859 654 891 ad
670 858 808 891 laudem
830 864 864 890 et
887 856 1057 901 [gloriam]
1080 855 1227 889 nominis

384 913 513 946 Christi
527 912 547 944 ¹.
572 912 744 945 Soidanus
767 917 882 944 tamen
899 911 1013 943 animo
1028 910 1226 953 uiribusque

384 966 579 1009 resumptis,
611 971 746 998 nostras
776 975 886 1008 usque
908 965 954 996 ad
983 974 1132 1007 aggeres
1155 973 1227 995 non

385 1025 497 1053 cessat
520 1019 650 1053 cotidie
673 1020 890 1062 impugnare.
937 1018 1015 1051 Hoc
1032 1027 1124 1050 anno
1147 1016 1226 1050 Ste-

384 1074 518 1116 phanus
554 1073 752 1106 Casinensis
782 1071 891 1105 abbas
921 1072 1105 1104 decentem
1141 1081 1225 1113 cap-

383 1126 510 1169 pellam
544 1126 619 1170 regi
657 1127 684 1159 F
687 1126 871 1168 [rederico]
909 1125 943 1157 in
982 1124 1225 1158 Alamanniam

384 1180 506 1213 mictit.

472 1285 681 1327 [MCCXX].
712 1285 886 1318 Honorius
898 1295 990 1327 papa
1005 1295 1122 1317 mense
1135 1284 1225 1317 Iunii

386 1350 406 1371 a
436 1337 600 1372 Uiterbio
631 1339 676 1371 ad
706 1338 838 1371 Urbem
866 1343 1019 1371 ueterem
1051 1337 1159 1375 uadit,
1192 1343 1226 1370 et

385 1393 480 1425 circa
496 1392 598 1425 finem
623 1391 836 1434 Septembris
858 1390 1056 1424 Uiterbium
1071 1391 1226 1430 rediens,

384 1446 467 1478 inde
483 1444 530 1477 ad
542 1444 673 1478 Urbem
685 1444 697 1462 ¹
712 1455 890 1488 regressus
913 1450 974 1477 est.
1012 1443 1146 1477 Eodem
1164 1455 1226 1477 an-

385 1509 430 1531 no
447 1508 508 1531 rex
524 1498 598 1541 ipse
615 1509 692 1531 cum
708 1505 870 1531 consorte
893 1509 954 1530 sua
979 1498 1158 1531 Costantia
1182 1499 1225 1531 de

385 1551 599 1591 Alamannia,
613 1552 746 1585 ibidem
761 1551 883 1584 relicto
900 1551 1055 1584 Henrico
1068 1551 1137 1584 filio
1153 1562 1226 1591 suo,

386 1616 463 1638 cum
497 1606 567 1637 suis
600 1604 814 1647 principibus
846 1610 881 1637 et
911 1604 1050 1637 militari
1085 1605 1226 1647 copioso

385 1658 539 1691 exercitu
568 1658 718 1691 Romam
748 1658 902 1696 ueniens,
932 1668 1047 1691 mense
1076 1659 1227 1691 Nouem-

384 1712 453 1745 bris
476 1712 511 1745 in
535 1712 702 1755 principis
726 1712 960 1754 apostolorum
984 1712 1130 1745 basilica
1152 1723 1227 1744 ma-

383 1766 508 1810 gnifice
524 1766 607 1799 satis
624 1776 702 1799 cum
719 1765 870 1798 omnium
893 1766 1131 1799 Romanorum
1148 1777 1226 1810 gra-

383 1820 433 1853 tia
455 1826 489 1852 et
512 1820 644 1853 honore
659 1820 697 1852 in
715 1820 804 1852 festo
821 1819 924 1852 beate
941 1819 1072 1852 Cecilie
1089 1820 1226 1863 imperii

384 1874 593 1917 dyademate
632 1873 818 1916 insignitur
831 1872 854 1905 ³.
904 1872 970 1905 Cui
1008 1873 1228 1906 coronationi

384 1926 497 1959 dictus
512 1926 620 1959 abbas
642 1925 850 1969 Stephanus,
866 1926 924 1969 qui
940 1927 972 1959 ei
988 1925 1127 1959 obuiam
1143 1937 1226 1970 pro-

386 1985 536 2012 cesserat
551 1990 660 2022 usque
683 1980 720 2012 in
742 1979 949 2019 Marchiam,
972 1980 1053 2013 satis
1076 1980 1227 2012 honora-

472 2105 496 2131 8.
516 2106 668 2138 spurcitias
688 2107 752 2132 Cod.
770 2120 804 2125 —
824 2113 866 2132 20.
886 2114 1027 2140 regressus
1046 2109 1088 2132 est
1108 2107 1139 2133 Β.
1161 2107 1226 2132 Cod-

475 2270 483 2287 ¹
502 2272 527 2297 Il
546 2279 578 2305 ²5
603 2273 637 2303 11,
666 2279 733 2298 1220
752 2273 801 2305 (VI
821 2274 885 2299 Kal.
909 2274 1009 2299 Martii
1035 2282 1080 2300 an.
1101 2275 1142 2307 4⁰)
1163 2273 1277 2300 Onorio

860 246 1129 283 RYCCARDI
1157 246 1228 281 DE
1255 244 1466 280 SANCTO
1496 242 1767 279 GERMANO

1293 854 1332 886 10

1292 1122 1329 1154 15

1289 1448 1331 1480 20

1290 1713 1330 1746 25

1937 247 2023 282 [ΑΛ.
2042 247 2235 283 1219-12201

1388 381 1493 408 uenta
1515 381 1578 414 est,
1602 375 1646 407 de
1669 374 1794 418 quibus
1826 374 1954 408 ditatus
1983 374 2113 408 Christi
2136 386 2235 408 exer-

1387 430 1475 462 citus
1497 435 1547 461 est
1570 434 1605 461 et
1626 427 1770 472 Egyptii
1793 427 1942 470 spoliati.
1988 428 2043 461 De
2067 428 2235 462 Sarrace—

1386 482 1440 515 nis
1461 492 1547 514 uero
1570 486 1667 514 tanta
1690 482 1785 514 facta
1809 487 1860 514 est
1882 487 2027 525 strages,
2051 492 2120 524 quo
2143 482 2236 515 chri-

1385 535 1506 568 stianis
1521 534 1605 578 ipsis
1621 534 1807 577 displicuit.
1854 534 1958 568 Tunc
1973 535 2146 568 Soldanus
2160 535 2235 579 ipse

1387 589 1505 621 furore
1528 598 1709 627 accensus,
1731 598 1859 635 muros*
1878 588 1989 621 Terre
2012 594 2132 622 sancte
2156 589 2236 622 Ihe-

1386 643 1533 674 rusalem
1548 641 1654 674 sterni
1670 642 1715 673 ad
1727 641 1838 674 solum
1853 641 1940 675 fecit
1951 647 1990 674 et
2001 651 2023 674 a
2035 641 2238 675 Sarracenis

1385 695 1510 728 incolis
1534 694 1658 733 deseri,
1681 695 1802 738 paucis
1824 696 1861 728 in
1883 706 1926 728 ea
1949 695 2160 728 christicolis
2181 706 2236 729 re-

1385 748 1615 782 manentibus.
1660 749 1804 781 Interim
1836 749 2016 782 christiani
2056 749 2235 783 ciuitatem

1385 803 1544 835 Damiate
1568 807 1689 834 tenent
1712 809 1747 834 et
1778 802 1968 844 possident,
1999 807 2034 836 et
2064 802 2110 836 ab
2138 803 2234 837 omni

1384 855 1551 898 spurcitia
1585 865 1800 899 paganorum
1831 856 2040 889 mundantes
2077 857 2235 896 eandem,

1385 915 1589 942 construunt
1626 910 1661 941 in
1701 919 1743 941 ea
1775 909 1944 942 ecclesias
1966 910 2012 943 ad
2036 910 2176 944 laudem
2199 916 2236 944 et

1385 962 1531 1006 gloriam
1543 962 1693 995 nominis
1707 962 1786 995 Iesu
1801 963 1940 996 Christi.
1958 962 2135 998 Soldanus
2149 975 2234 999 uero

1383 1015 1498 1048 animo
1512 1015 1713 1059 uiribusque
1730 1017 1925 1060 resumptis,
1941 1018 2150 1053 christianos
2164 1029 2234 1053 non

1385 1075 1498 1102 cessat
1520 1079 1629 1113 usque
1644 1070 1691 1102 ad
1707 1080 1854 1113 aggeres
1869 1070 2000 1104 cotidie
2016 1071 2235 1116 impugnare,

1385 1123 1512 1155 nostris
1534 1128 1651 1156 tamen
1674 1133 1711 1156 se
1734 1124 1884 1157 uiriliter
1907 1125 2087 1160 tuentibus
2116 1132 2152 1160 et
2181 1132 2233 1160 te-

1385 1177 1545 1210 nentibus
1568 1183 1689 1210 contra
1713 1177 1803 1211 illos.

1472 1283 1654 1318 MCCXX.
1679 1285 1854 1319 Honorius
1870 1297 1962 1330 papa
1973 1298 2093 1322 mense
2109 1288 2234 1323 Iuniis

1385 1337 1545 1371 Uiterbio
1560 1339 1607 1371 ad
1631 1338 1762 1372 Urbem
1786 1346 1942 1373 ueterem
1965 1341 2063 1375 uadit
2085 1348 2122 1376 et
2136 1343 2234 1376 circa

1384 1391 1487 1424 finem
1509 1391 1725 1434 Septembris
1748 1393 1944 1437 Uiterbium
1961 1396 2114 1434 rediens,
2137 1396 2233 1430 exin-

1386 1446 1430 1479 de
1454 1445 1603 1478 Romam
1626 1458 1786 1480 reuersus
1810 1453 1874 1480 est.

1473 1499 1680 1533 Fredericus
1708 1511 1769 1533 rex
1798 1508 1943 1534 uocatus
1972 1513 1993 1535 a
2015 1513 2109 1546 papa
2137 1485 2304 1536 uenitffi'la‘»

1386 1563 1464 1585 cum
1488 1559 1651 1586 consorte
1675 1565 1738 1587 sua
1762 1555 1965 1588 Constantia
1987 1557 2033 1590 ad
2057 1539 2301 1594 coronamffffss

1385 1606 1508 1640 relicto
1530 1607 1566 1639 in
1590 1607 1797 1640 Alemannia
1827 1608 1982 1642 Henrico
2006 1609 2077 1642 filio
2099 1619 2175 1648 suo,
2196 1613 2233 1643 et
2246 1599 2299 1614 ω’·

1385 1660 1487 1693 ambo
1523 1660 1560 1692 in
1597 1660 1768 1704 principis
1805 1662 2040 1704 apostolorum
2085 1662 2234 1696 basilica

1385 1725 1502 1747 mense
1525 1714 1735 1747 Novembris
1756 1714 1793 1746 in
1823 1715 1916 1748 festo
1947 1716 2050 1749 beate
2079 1702 2289 1750 Cecilie'ffta

1327 1806 1330 1807 ⁷
1385 1768 1567 1811 magnifice
1590 1768 1674 1801 satis
1697 1766 1775 1801 cum
1807 1769 1961 1802 omnium
1991 1761 2290 1804 Romanorum-fatu

1290 1983 1332 2015 30

385 2313 425 2338 ΙΙΙ
444 2315 467 2338 si
488 2315 658 2347 congratula
678 2316 724 2340 coi
744 2315 870 2341 Crociati
897 2316 973 2341 della
992 2317 1057 2342 loro
1075 2318 1228 2349 conquisto.
1248 2317 1295 2342 di>

386 2355 520 2380 Damista
538 2363 553 2380 e
571 2356 592 2380 ii
612 2359 707 2381 esorta
726 2365 742 2381 a
760 2358 871 2390 seguire
883 2359 895 2383 i
908 2359 1033 2391 consigli
1048 2358 1093 2383 del
1107 2366 1159 2384 suo
1179 2358 1276 2391 legato

384 2398 556 2430 apostolico,
569 2398 685 2430 Pelagio
705 2399 833 2424 cardinal
849 2407 971 2425 vescovo
985 2400 1015 2425 di
1030 2401 1154 2431 Albano,
1174 2400 1276 2434 perche

387 2439 414 2464 la
434 2439 503 2465 citta
528 2441 571 2465 sia
591 2443 755 2467 convertite.
780 2443 806 2467 al
832 2443 911 2467 culto
936 2444 1094 2475 crIstiauog
1113 2444 1275 2469 RAYNALm

385 2482 454 2507 Arm.
473 2485 536 2507 eccl.
556 2483 652 2509 ail’an.
674 2491 741 2517 ¹²19
759 2484 773 2517 §
794 2486 834 2510 18.

473 2523 484 2540 ²
501 2525 525 2549 11
546 2527 639 2558 primo
657 2528 720 2552 atto
739 2527 880 2553 d'Onorio
895 2528 964 2554 dato
977 2529 1023 2554 dal
1038 2528 1181 2555 Laterano
1201 2528 1216 2555 ὲ
1229 2529 1274 2554 del

386 2566 420 2591 26
438 2567 471 2596 X,
493 2574 575 2599 ¹²²0?
594 2568 759 2599 Pom-misr.
788 2578 815 2595 n.
837 2569 920 2603 63763
940 2572 1051 2596 avendo
1070 2570 1119 2604 gia
1143 2580 1199 2597 con
1227 2579 1277 2598 sua

386 2609 486 2634 lettera
505 2610 550 2635 del
580 2610 613 2635 28
632 2611 706 2642 VIII,
725 2611 762 2643 (V
780 2612 845 2638 Kal.
864 2612 945 2646 sept.)
966 2615 1125 2639 conceduto
1150 2622 1167 2639 a
1187 2615 1274 2640 Fede-

386 2651 446 2675 rico
464 2651 491 2676 11
509 2653 538 2676 di
558 2654 655 2678 venire
672 2654 749 2678 colla
774 2656 881 2688 moglie
906 2656 936 2680 in
962 2655 1052 2681 Roma
1077 2664 1127 2689 per
1151 2658 1276 2682 rlcevere

387 2693 414 2718 la
432 2701 538 2719 corona
558 2696 721 2728 imperiale;
741 2697 1088 2731 Humano-Bassania,
1110 2699 1183 2725 Hist.
1208 2700 1276 2731 dipl.

386 2736 525 2761 Friderici
544 2738 582 2768 II,
601 2739 659 2767 cit„
678 2738 700 2768 1,
719 2745 753 2768 11,
772 2739 833 2771 823.

473 2776 483 2792 ³
502 2778 539 2803 Di
561 2780 672 2804 ritorno
685 2780 762 2805 daila
776 2780 940 2812 Germania,
958 2782 1095 2807 Federico
1111 2784 1173 2808 1111
1191 2790 1206 2816 3
1226 2784 1274 2814 IX,

388 2819 418 2842 fu
439 2818 451 2831 ‘⁴
464 2821 538 2851 apud
557 2820 712 2846 Bolzanum
733 2824 763 2847 in
783 2826 865 2855 prato
890 2824 1012 2856 quodam
1022 2842 1044 2856 m
1066 2826 1094 2850 di
1114 2823 1137 2850 n
1156 2824 1241 2859 passo
1261 2834 1276 2852 a

387 2859 508 2892 Verona,
533 2863 561 2887 al
581 2863 647 2896 isgo
666 2864 697 2889 di
716 2864 817 2898 Garda,
838 2874 854 2890 a
872 2866 1020 2897 Mantova,
1039 2868 1072 2892 ed
1097 2867 1180 2894 entro
1201 2869 1276 2894 nella

387 2902 482 2928 Msrea
502 2911 583 2930 verso
603 2906 630 2930 la
649 2908 772 2932 seconda
791 2906 865 2932 meta
884 2909 1037 2934 d’ottobre.

477 2945 554 2971 “Die
578 2948 725 2973 dominica
750 2956 768 2974 x
793 2950 856 2975 Kal.
881 2951 1046 2976 DecembrIs
1072 2953 1204 2985 proxima
1226 2953 1275 2978 do-

389 2986 506 3012 ‘minus
531 2988 680 3015 Federicus
706 2994 859 3017 coronatus
886 2994 942 3018 suit
967 3002 1015 3018 rex
1042 2994 1235 3020 Romanorum
1259 3002 1276 3020 a

328 3033 363 3051 20
391 3028 521 3054 “summo
540 3032 675 3063 pontifice
695 3034 724 3058 in
743 3034 861 3059 civitate
886 3035 1056 3068 Romana„3
1076 3037 1103 3061 ie
1128 3039 1195 3062 note
1214 3045 1276 3062 cro-

328 2615 359 2633 10

329 2826 359 2852 ι5

1384 1822 1497 1865 gratia
1527 1827 1562 1854 et
1590 1822 1724 1854 honore
1755 1828 1834 1854 sunt
1862 1822 2001 1865 imperii
2033 1815 2289 1869 diademate‘''‘

1383 1875 1550 1919 insigniti.
1597 1874 1755 1913 Quorum
1778 1876 1999 1909 coronationi
2023 1876 2139 1909 dictus
2154 1875 2231 1909 Ste-

1385 1928 1519 1970 phanus
1549 1929 1751 1961 Casinensis
1775 1928 1892 1972 abbas,
1924 1931 1989 1962 nec
2011 1939 2082 1962 non
2113 1939 2230 1963 comes

1387 1982 1560 2026 Rogerius
1599 1983 1644 2014 de
1682 1981 1822 2024 Aquila,
1846 1993 1962 2016 comes
1998 1981 2147 2016 Iacobus
2184 1982 2230 2016 de

1332 2274 1484 2307 nologiche
1503 2274 1695 2307 rispondono:
1716 2275 1738 2299 il
1766 2281 1798 2300 22
1818 2275 1844 2300 X
1863 2275 1977 2300 dell’nu.
1995 2275 2125 2301 bisestsse
2151 2281 2228 2306 1222,

1332 2324 1385 2341 con
1405 2317 1516 2348 Pssqua
1541 2317 1700 2342 ricorrente
1726 2317 1752 2342 al
1773 2324 1807 2350 29
1831 2317 1879 2347 111,
1905 2318 1993 2343 cedde
2013 2318 2091 2343 nella
2110 2319 2158 2351 27⁸
2177 2317 2229 2343 do-

1331 2359 1442 2383 menica
1462 2359 1490 2383 di
1509 2359 1678 2384 Pentecoste
1690 2367 1705 2384 e
1724 2360 1797 2384 festa
1817 2360 1845 2384 di
1858 2359 1886 2385 S.
1906 2359 2031 2390 Cenum
2049 2360 2087 2386 cf.
2105 2360 2229 2386 Annam

1330 2400 1485 2426 Placentini
1507 2401 1602 2434 Gueffi,
1623 2402 1664 2426 M.
1686 2401 1720 2426 G.
1735 2402 1770 2426 H.
1785 2401 1846 2433 SS„
1859 2401 1961 2433 XVIII,
1974 2406 2035 2435 437.
2071 2401 2098 2427 11
2120 2408 2151 2434 ¹⁵
2163 2401 2228 2433 ΧΠ,

1331 2449 1399 2468 1220
1412 2442 1525 2468 Onorio
1537 2443 1578 2468 111
1592 2445 1664 2469 dava
1678 2445 1789 2469 notizia
1803 2452 1820 2469 a
1832 2445 1960 2478 Pelagio,
1975 2444 2105 2470 cardinal
2119 2445 2199 2478 prete
2211 2452 2227 2470 e
2255 2450 2288 2479 ις

1327 2485 1423 2518 legato
1437 2486 1605 2518 apostolico,
1627 2487 1654 2511 di
1676 2489 1775 2519 questa
1794 2488 2004 2512 coronazione:
2025 2487 2039 2502 θ’
2050 2486 2111 2512 Tue
2126 2487 2227 2513 frater·

1331 2526 1442 2552 “nitati
1462 2529 1644 2560 exponimus,
1663 2536 1715 2553 nos
1741 2529 1888 2554 dominica
1909 2531 1974 2554 ante
1999 2529 2156 2555 adventum
2175 2528 2226 2554 do·

1332 2569 1346 2583 “
1356 2571 1427 2595 mini
1447 2570 1580 2604 proxima
1600 2571 1776 2595 Fridericum
1804 2571 2000 2596 Romanorum
2026 2572 2226 2604 imperatorem

1332 2612 1384 2637 “et
1404 2612 1545 2638 illustrem
1564 2614 1787 2647 Imperatricem,
1813 2614 1976 2639 consortem
2000 2615 2071 2645 eius,
2090 2614 2121 2638 in
2146 2613 2226 2647 prin·

1330 2653 1343 2667 ¹¹
1354 2655 1428 2689 cipis
1447 2656 1643 2687 apostolorum
1656 2656 1779 2681 basilica
1792 2664 1854 2681 cum
1874 2656 2061 2681 inestimabili
2075 2655 2226 2682 slacrstste
2252 2665 2288 2692 3⁰

1332 2696 1346 2711 “
1356 2704 1388 2723 ac
1417 2704 1485 2730 pace
1509 2698 1619 2723 civium
1647 2698 1848 2723 Romamorum
1879 2699 2120 2732 soliempnissime
2145 2705 2225 2724 coro-

1331 2740 1345 2753 ¹¹
1357 2747 1446 2766 nasse.
1476 2739 1535 2769 Qui
1550 2741 1626 2766 sacta
1640 2742 1732 2766 tribus
1746 2742 1846 2766 dlebus
1860 2743 1891 2766 in
1904 2743 2002 2766 monte
2017 2741 2095 2767 Malo
2107 2739 2226 2774 (Mario)

1332 2783 1346 2797 “
1356 2791 1436 2809 mora
1449 2784 1588 2809 continua
1602 2785 1716 2810 tandem
1732 2786 1853 2818 prestita
1866 2785 1950 2810 nobis
1970 2785 2130 2814 securitate,
2149 2784 2225 2817 quod

1332 2825 1345 2838 “
1356 2825 1412 2850 tibi
1431 2827 1459 2850 et
1478 2826 1632 2851 christiani
1647 2827 1787 2851 exercitui
1800 2827 1831 2851 in
1846 2827 1980 2859 proximo
1995 2827 2101 2852 martio
2114 2833 2225 2852 succur—

1331 2867 1418 2893 “sum
1437 2869 1589 2901 magnifice
1608 2869 1775 2901 destinabit,
1794 2870 1822 2894 et
1835 2871 1866 2894 in
1881 2870 2009 2902 sequenti
2029 2871 2150 2902 augusto
2163 2876 2225 2902 per·
2252 2873 2286 2902 33

1333 2910 1496 2936 “sonaliter
1515 2911 1722 2943 transfretabit,
1744 2918 1861 2944 regnum
1886 2919 1948 2936 cum
1969 2919 2037 2944 pace
2062 2918 2094 2936 sc
2119 2912 2225 2944 gaudio

1332 2951 1346 2966 “
1357 2954 1399 2978 est
1412 2954 1564 2986 ingressus,
1577 2961 1608 2978 ea
1618 2961 1671 2986 que
1682 2954 1716 2979 ad
1730 2953 1887 2979 subsidium
1897 2953 1983 2978 Terre
1993 2954 2090 2979 sancte
2100 2953 2226 2986 pertinet

1332 2994 1346 3008 “
1355 2997 1521 3028 provisurus
1534 3004 1562 3028 „3
1576 2996 1736 3021 RAYNALm
1749 2996 1842 3020 Anna!
1854 2997 1924 3025 eccl„
1947 2995 2044 3021 ali’sn.
2060 3002 2135 3026 1220,
2147 2994 2162 3027 ξ
2174 3001 2224 3026 213

1329 3037 1675 3069 ΗυιιιΛκυ-Βκὲιιοιιηε,
1696 3039 1767 3063 Hist.
1787 3038 1895 3070 diplom.
1916 3039 1975 3068 cit.⁷
1992 3037 2027 3068 11,
2053 3046 2080 3070 p.
2099 3037 2142 3062 82.
