2320 3444
171 239 223 275 [Α.
244 239 335 274 121³]
949 225 1230 263 CHRONICA
1956 217 2004 253 53

171 364 187 381 “
207 367 222 383 ‘⁶
234 376 337 409 quam
363 366 560 410 unigenitus
582 365 672 397 filius
687 363 829 407 proprio
845 361 1012 405 sanguine

173 420 189 436 ²
206 419 221 436 ‘⁶
235 419 455 451 consecrauit
469 419 512 451 de
528 418 687 450 manibus
701 416 917 449 inimicorum
935 424 1011 447 cru-

174 473 188 490 “
205 471 220 488 ‘⁴
234 472 284 504 cis
307 472 458 514 eripiens
479 472 641 504 restituas
671 469 780 503 cultui
810 468 1011 506 christiano,

173 526 188 542 ‘⁴
206 527 221 543 ⁴⁴
234 530 316 557 nota
338 525 490 558 fidelium
514 523 559 557 ad
581 525 657 556 eius
686 522 926 556 liberationem
958 521 1010 552 in-

170 577 185 594 ⁶
206 579 221 595 “
233 578 395 610 stantium
437 577 712 610 misericorditer
752 574 936 619 dirigendo
975 573 1010 605 in
1099 571 1115 603 5

51 655 59 662 <-
173 631 189 648 ¹⁴
207 633 221 649 ‘⁴
233 631 325 663 uiam
349 631 467 664 salutis
489 636 620 664 eterne.
666 629 744 662 Per.
758 653 766 661 .
781 652 790 661 .
804 652 813 661 .
826 652 841 668 „
869 627 909 659 In
933 624 1010 657 illis*

54 678 57 691 ³
87 685 190 718 c.115v“
205 690 318 717 autem
335 684 498 717 ecclesiis
519 684 556 716 in
578 682 701 726 quibus
726 680 910 714 conueniet
931 689 1011 722 pro-

39 730 43 731 ⁷
173 738 186 754 “
201 738 313 770 cessio
329 737 515 781 generalis,
531 742 673 769 truncus
689 744 864 768 concauus
879 738 1008 765 statua-

126 817 130 823 ,
172 791 187 808 “
199 795 256 824 tur
271 791 382 823 tribus
395 789 550 823 clauibus
565 789 798 831 consignatus,
821 797 889 819 una
901 795 1010 828 penes

172 845 378 877 “honestum
403 842 578 881 clericum,
609 842 678 874 alia
708 850 816 884 penes
846 840 1008 873 deuotum
1078 838 1117 870 10

171 897 347 940 “laycum,
377 897 478 929 tertia
506 905 614 938 penes
636 894 835 938 religiosum
858 892 1008 935 aliquem

173 950 352 984 “fideliter
375 948 632 982 conseruandis.
678 948 719 980 In
742 958 811 990 quo
835 946 959 979 clerici
976 950 1010 978 et

170 1006 184 1022 ‘⁴
197 1004 300 1048 layci,
324 1003 388 1035 uiri
404 1009 439 1035 et
454 1002 616 1034 mulieres
631 1001 863 1045 helymosinas
877 1004 1009 1042 ponant

170 1057 233 1090 “in
256 1063 347 1089 terre
369 1061 487 1089 sancte
519 1055 709 1088 subsidium
741 1053 1008 1092 conuertendas,

169 1109 386 1143 “secuudum
421 1108 691 1142 sollicitudinem
726 1117 845 1140 eorum
883 1105 1007 1149 quibus
1077 1105 1114 1137 15

169 1164 263 1196 “hec
290 1163 398 1196 fuerit
427 1161 626 1195 sollicitudo
657 1160 851 1194 commissa.
895 1159 1007 1192 Porro

169 1217 301 1259 “super
326 1226 491 1259 processu
522 1221 557 1248 et
587 1215 733 1248 transitu
762 1214 942 1246 moderato
974 1218 1008 1245 et

168 1270 354 1304 “modesto
384 1280 447 1302 suo
478 1269 557 1302 loco
588 1274 623 1301 et
652 1274 808 1310 tempore
838 1266 1006 1300 faciendo

166 1323 344 1356 “nondum
378 1328 516 1365 oportet
544 1321 678 1365 aliquid
709 1320 863 1353 deffinire
891 1320 1005 1352 donec

168 1378 183 1394 ‘⁴
195 1377 366 1410 exercitus
381 1376 519 1409 Domini
531 1385 636 1409 cruce
649 1374 814 1418 signetur,
831 1374 908 1416 [sJet
923 1379 1004 1406 tunc
1071 1373 1113 1404 20

167 1432 182 1448 ‘⁴
194 1429 347 1473 pensatis
369 1429 523 1474 undique
546 1427 825 1467 circumstantiis,
842 1437 1004 1470 quecum-

167 1485 262 1527 “que
285 1483 476 1516 uiderimus
506 1488 677 1525 oportuna
707 1481 751 1514 de
781 1480 1004 1524 prudentium

166 1538 181 1555 “
194 1537 345 1569 uirorum
362 1535 508 1570 consilio
525 1541 722 1568 statuemus.
745 1533 803 1567 Ad
819 1534 887 1566 hoc
902 1533 1006 1578 igitur

165 1592 180 1608 “
194 1590 435 1634 exequendum
455 1587 674 1622 uenerabiles
689 1589 817 1620 fratres
832 1588 1005 1630 archiepi-

166 1644 319 1686 “scopos
342 1649 378 1676 et
400 1642 582 1685 episcopos
612 1642 815 1674 constitutos
838 1641 873 1673 in
897 1651 1004 1684 regno
1069 1639 1110 1671 25

165 1698 180 1715 “
193 1696 313 1730 Sicilie
337 1701 437 1740 cytra
459 1695 596 1734 Fatum,
617 1694 737 1738 itaque
761 1693 949 1738 quemlibet
968 1694 1005 1726 in

165 1751 180 1767 ‘⁴
192 1760 254 1783 sua
269 1749 412 1794 dyocesi
429 1749 645 1791 deputamus,
662 1747 722 1792 qui
745 1747 865 1780 ascitis
887 1757 1004 1780 secum

164 1804 180 1822 ⁸
191 1803 275 1836 uiris
290 1802 444 1846 prouidis
460 1808 493 1835 et
507 1802 660 1835 honestis
674 1801 877 1834 auctoritate
889 1807 1005 1834 nostra

162 1857 177 1873 ‘⁴
191 1862 341 1890 statuant
357 1862 391 1888 et
414 1856 602 1898 disponant
625 1864 843 1899 quecumque
867 1855 912 1887 ad
936 1854 1003 1887 hoc

161 1909 176 1926 ‘⁸
190 1909 365 1954 negotium
378 1909 649 1951 promouendum
663 1907 812 1940 uiderint
825 1907 1003 1950 expedire,
1068 1908 1110 1939 30

163 1965 178 1981 ‘⁴
190 1963 360 1995 facientes
377 1962 472 2005 quod
488 1967 639 1995 statuant
659 1962 696 1993 in
713 1960 858 2006 singulis
873 1961 1003 2005 dyoce-

162 2018 178 2034 “
191 2015 284 2049 sibus
300 2026 363 2058 per
380 2016 475 2048 uiros
490 2016 645 2058 ydoneos
660 2015 706 2047 ad
721 2014 788 2047 hoc
805 2014 1002 2056 specialiter

163 2070 178 2087 ¹⁴
191 2069 374 2112 deputatos
397 2068 546 2102 fideliter
567 2078 609 2100 ac
637 2067 787 2100 sollicite
809 2067 1002 2109 procurari.

163 2122 272 2161 “Quo
304 2122 398 2155 circa
427 2121 688 2154 uniuersitatem
713 2126 859 2154 uestram
884 2131 1001 2153 mone-

163 2177 265 2208 “mus
287 2181 324 2208 et
346 2174 567 2208 obsecramus
588 2174 624 2206 in
647 2174 796 2207 Domino
818 2185 882 2216 per
903 2174 1002 2216 a[po-
1066 2174 1106 2207 35

162 2229 325 2270 “stolica]
355 2228 456 2261 uobis
485 2228 639 2271 s[cripta]
669 2228 873 2260 mandantes
902 2234 937 2261 et
965 2228 1000 2260 in

162 2283 315 2315 “uirtute
337 2282 449 2315 sancti
473 2281 610 2324 spiritus
633 2281 860 2324 iniungentes,
883 2287 1001 2324 quate-

162 2337 177 2354 “
189 2346 254 2368 nus
269 2335 320 2368 eis
336 2334 511 2379 legatione
527 2346 591 2378 pro
614 2335 754 2368 Christo
777 2334 1001 2379 fungentibus

161 2390 176 2407 ⁸
188 2388 276 2422 tales
291 2399 353 2421 uos
368 2388 508 2421 exibere
534 2388 672 2426 curetis,
688 2388 885 2420 necessaria
901 2388 999 2420 mini-

162 2443 336 2475 “strantes
358 2440 498 2478 eisdem,
522 2441 616 2484 quod
638 2452 701 2484 per
723 2451 786 2474 uos
801 2441 886 2474 etin
902 2440 999 2473 uobis
1065 2445 1106 2475 40

159 2496 174 2513 “
188 2495 324 2528 fructus
347 2495 479 2528 faciant
501 2500 712 2537 exoptatum.

248 2550 262 2566 ¹⁴
275 2549 402 2581 Datum
425 2547 578 2581 Uiterbii
601 2548 680 2581 XV1⁰
694 2548 744 2581 kl.
760 2549 896 2593 augusti
911 2560 997 2592 pon-

160 2603 175 2620 “
188 2601 336 2636 tificatus
359 2602 468 2635 nostri
491 2611 585 2634 anno
608 2602 895 2645 decimoseptimo
909 2627 923 2643 ,‚
943 2603 964 2636 ¹.

242 2655 329 2688 Item
359 2655 404 2687 ad
435 2655 723 2697 archiepiscopos
749 2661 783 2688 et
814 2655 997 2699 episcopos

155 2714 252 2753 cytra
275 2710 400 2742 Fatum
422 2709 498 2751 ipse
514 2718 605 2750 papa
621 2718 701 2740 suas
718 2708 836 2752 dirigit
851 2708 995 2742 licteras
1062 2709 1103 2742 45

155 2762 191 2794 in
213 2763 305 2795 hunc
329 2763 468 2796 modum
483 2761 512 2793 ²:

246 2877 286 2903 13.
306 2878 396 2903 ponas
418 2872 481 2896 Cod.

245 2974 255 2991 ¹
276 2980 306 3007 ¹7
328 2975 385 3006 lug.
409 2981 485 3007 ¹²¹4·
522 2974 567 3000 Cf.
587 2973 696 3003 ΜΑΝει,
715 2974 823 3005 op.c1't.‚
837 2973 902 2999 coll.
922 2973 1050 3006 956-96o‚
1106 2974 1208 2999 lettera
1227 2974 1283 2998 alla
1303 2972 1447 2997 Calabria.

155 3016 268 3042 cou'an.
291 3022 354 3049 ηις
381 3016 469 3051 (sicl).
495 3017 732 3042 Evidentemente
758 3017 790 3041 R.
815 3018 839 3041 si
866 3015 941 3041 servi
967 3016 1042 3041 della
1185 3014 1196 3032 ²
1215 3016 1349 3040 Potthast
1370 3016 1487 3048 riporta,
1515 3015 1557 3039 fra
1583 3014 1605 3038 il
1632 3021 1646 3047 7
1673 3021 1687 3038 e
1712 3014 1732 3038 il
1761 3020 1792 3045 23
1819 3014 1928 3046 giugno
1958 3013 1992 3037 da
2021 3018 2034 3044 5
