2320 3444
412 363 457 395 ad
473 362 717 395 monasterium
735 361 936 398 Casinense,
960 360 1048 392 sicut
1060 359 1096 391 in
1112 359 1254 391 manda-

413 417 456 448 tis
479 416 674 447 detulerant
697 425 760 456 per
790 414 922 446 litteras
944 412 1154 454 apostolicas
1166 411 1186 451 ¹,
1211 411 1255 444 de

411 480 557 512 persona
570 468 704 500 abbatis
716 466 880 499 Adenulfi
897 473 930 499 et
943 472 1032 498 statu
1043 465 1254 505 monasterii,

411 533 430 554 a
442 522 584 564 singulis
597 520 777 552 monachis
789 520 933 562 prestito
950 520 1140 551 iuramento
1155 529 1252 551 cura-

411 581 532 608 uerunt
548 575 736 617 diligenter
753 573 928 616 inquirere
944 573 1134 605 ueritatem.
1171 572 1252 605 Dic-

411 637 463 661 tus
485 638 569 660 uero
586 628 691 659 abbas
709 627 759 659 eis
775 626 1033 665 recedentibus,
1050 636 1157 669 prauo
1172 637 1253 658 usus

409 682 553 715 consilio
588 681 831 713 monasterium
862 680 1053 713 Casinense
1084 680 1252 712 militibus

410 741 445 767 et
467 734 694 767 seruientibus
716 734 785 766 suis
813 733 1082 776 consanguineis
1112 739 1148 765 et
1176 743 1251 775 pro-

408 786 544 829 pinquis
574 785 708 817 munire
740 785 889 822 curauit;
921 785 1080 817 similiter
1110 795 1251 817 roccam

408 839 482 871 Iani
505 849 573 882 que
596 845 678 871 tunc
695 838 849 880 [mu]nita
867 844 949 877 erat,
965 837 1106 870 Atinum
1123 844 1158 870 et
1173 848 1250 871 roc-

408 894 509 935 ca[m]
544 893 683 925 Bantre.
729 891 884 924 Uocatus
919 893 1058 924 tandem
1094 903 1114 924 a
1147 902 1250 935 papa,

407 948 517 989 ipsum
540 946 736 990 Anagniam
759 945 853 978 adiit.
890 945 966 983 Cui,
982 945 1156 987 corporali
1171 955 1249 987 pre-

406 1001 487 1033 stito
519 999 709 1031 iuramento
740 999 774 1030 in
805 999 979 1041 presentia
1010 998 1250 1036 cardinalium,

406 1060 443 1085 ut
468 1054 511 1086 de
535 1052 743 1085 monasterio
768 1058 801 1084 et
831 1052 973 1095 reliquis
1003 1051 1248 1084 munitionibus

407 1117 491 1150 quas
514 1107 732 1138 incastellare
760 1111 1028 1148 presumpserat,
1058 1105 1184 1138 milites
1214 1110 1249 1137 et

407 1161 600 1193 seruientes
635 1170 720 1202 quos
755 1160 791 1192 in
825 1160 874 1192 eis
909 1165 1070 1202 posuerat
1104 1158 1248 1191 deberet

406 1214 522 1247 statim
561 1225 661 1257 quam
690 1213 862 1255 [primum]
899 1213 1029 1245 rediret
1060 1212 1247 1255 expellere,

407 1278 533 1311 easque
561 1267 685 1311 quibus
714 1267 788 1310 ipse
823 1267 1048 1299 mandauerat
1081 1266 1248 1299 fratribus

407 1322 594 1364 assignare,
617 1329 797 1363 correptus
820 1320 863 1352 ab
880 1331 922 1352 eo
947 1326 1027 1352 tunc
1053 1326 1105 1352 est
1129 1320 1247 1353 dimis-

406 1385 471 1406 sus.
517 1374 587 1413 Qui
617 1375 757 1406 rediens
794 1374 837 1405 de
871 1374 1080 1406 monasterio
1114 1379 1247 1406 tantum

405 1427 529 1460 milites
552 1434 588 1460 et
609 1428 799 1459 seruientes
822 1427 925 1459 eiecit
948 1432 992 1468 et,
1021 1426 1164 1471 reliquis
1193 1437 1247 1459 ca-

405 1479 511 1511 stellis
526 1479 589 1511 sibi
606 1479 757 1517 retentis,
775 1479 898 1521 quibus
914 1479 1140 1511 mandauerat
1155 1488 1246 1521 papa

405 1544 446 1564 ea
469 1532 577 1565 noluit
599 1533 783 1575 assignare.
829 1531 977 1574 Propter
999 1532 1092 1575 quod
1122 1532 1246 1563 iterum

404 1597 425 1618 a
447 1597 538 1628 papa
559 1592 714 1626 uocatus,
738 1585 932 1618 inconsulte
948 1586 1024 1628 ipse
1040 1585 1138 1618 uadit
1153 1584 1246 1617 Ana-

404 1640 532 1682 gniam,
555 1651 574 1671 a
598 1650 666 1682 quo
690 1639 896 1683 redargutus
918 1639 961 1670 de
992 1639 1059 1672 fide
1090 1639 1244 1677 mentita,

404 1704 480 1726 cum
505 1693 642 1736 publice
665 1693 698 1724 in
724 1703 801 1724 eum
824 1693 932 1725 uellet
948 1693 1023 1725 fere
1039 1692 1245 1725 sententiam

403 1747 644 1789 depositionis,
668 1746 749 1789 quia
773 1752 825 1778 ter
848 1746 958 1778 iussus
988 1746 1100 1778 fuerat
1131 1753 1168 1778 ut
1190 1757 1244 1778 re-

402 1800 584 1832 nunciaret
606 1805 640 1832 et
654 1800 792 1832 anulum
810 1800 1015 1838 restitueret,
1031 1800 1243 1843 persuaden-

402 1854 491 1886 tibus
513 1853 578 1886 sibi
603 1854 776 1885 nonnullis
792 1859 828 1885 ut
844 1854 1093 1893 renunctiaret‚
1109 1859 1245 1886 retento

401 1907 465 1939 sihi
483 1907 584 1940 anulo
601 1917 668 1950 quo
686 1917 804 1940 carere
822 1907 971 1945 dicebat,
989 1907 1093 1939 cessit
1107 1907 1245 1940 inuitus.

403 1959 516 1998 Quem
539 1971 630 2002 papa
651 1960 746 2002 apud
768 1967 923 1992 sanctum
955 1960 1168 2003 Stephanum
1201 1961 1245 1992 de

401 2020 501 2056 porta
524 2014 607 2047 Riui
632 2014 789 2056 precepit
812 2014 848 2046 in
872 2013 1033 2057 Anagnia
1064 2014 1245 2056 custodiri,

402 2068 515 2100 donec
532 2073 646 2099 eastra
661 2077 727 2110 que
744 2068 938 2100 muniuerat
953 2068 1158 2111 resignaret.
1188 2068 1244 2100 In-

346 2146 351 2151 .
399 2126 497 2153 terea
511 2121 603 2152 iussu
617 2121 810 2162 apostolico
824 2132 889 2164 per
911 2122 1095 2164 quemdam
1119 2122 1244 2154 Iohan-

402 2184 480 2205 nem
505 2173 676 2211 Crassum,
701 2185 801 2216 quem
818 2175 890 2217 ipse
907 2185 998 2217 papa
1013 2175 1059 2207 ad
1076 2175 1243 2208 Sanctum

402 2228 612 2259 Germanum
636 2228 785 2266 miserat,
809 2238 865 2260 res
880 2229 1043 2266 innotuit;
1060 2236 1095 2262 et
1111 2230 1243 2262 Mirad-

402 2281 447 2312 do
463 2290 572 2321 nepos
589 2281 695 2323 ipsius
711 2281 843 2313 abbatis
857 2281 880 2320 ²,
897 2282 954 2324 qui
974 2289 1047 2315 erat
1062 2283 1098 2315 in
1113 2283 1242 2316 Sancto

402 2333 587 2372 Germano,
612 2334 793 2366 consulens
816 2335 884 2368 uite
901 2345 972 2374 sue,
989 2336 1132 2369 timebat
1149 2336 1241 2368 enim

488 2474 513 2499 3.
533 2468 696 2500 Adenulghi
720 2467 816 2493 GAun.
842 2483 874 2487 —-
901 2477 942 2503 17.
968 2479 1051 2503 quum
1078 2471 1173 2497 Gaun.
1198 2481 1241 2497 ma

401 2513 616 2537 l’ubbreviatura
636 2513 666 2537 di
684 2521 700 2545 q
715 2517 798 2543 parta
818 2516 848 2539 al
865 2522 946 2547 quam

487 2687 495 2704 ¹
510 2690 533 2713 T
536 2697 609 2719 osu,
620 2689 715 2715 storia
728 2692 916 2717 dell’Ahbazia
930 2693 961 2717 di
972 2694 1178 2724 Montecassino,
1189 2695 1248 2720 vol.
1258 2694 1293 2725 11,

400 2731 457 2760 cit..
478 2738 504 2764 p.
527 2730 583 2764 165,
603 2740 617 2756 e
637 2732 822 2764 l'INGUANEz‚
835 2738 875 2765 op.
890 2735 944 2763 cit..
957 2742 982 2768 p.
996 2743 1056 2767 419,
1077 2737 1228 2761 affermano
1241 2737 1293 2762 che

399 2772 559 2797 l'inchiesta
578 2775 714 2798 condotta
735 2775 781 2799 dai
801 2775 854 2800 due
874 2776 962 2809 legati
978 2778 1120 2809 pontificii
1136 2786 1149 2802 e
1163 2778 1190 2803 le
1203 2786 1292 2811 oppo-

400 2815 503 2839 sizioni
531 2816 687 2841 dell’abate
714 2818 869 2848 Adenolso,
895 2819 1068 2843 condussero
1095 2821 1153 2844 alla
1179 2821 1292 2854 deposi-

398 2857 479 2880 zione
499 2858 525 2881 di
541 2861 640 2888 questo
661 2859 695 2883 da
714 2860 806 2891 abate,
828 2859 994 2886 “avvenuta
1016 2862 1043 2885 in
1065 2861 1190 2895 Anagni,
1211 2870 1292 2887 verso

401 2898 414 2910 “
426 2899 452 2923 la
471 2899 524 2923 fine
544 2901 673 2933 d’agosto
690 2908 754 2933 1215
768 2919 791 2934 „.
820 2903 922 2927 Invece
941 2904 963 2928 il
984 2904 1151 2934 PorTnAsr.
1173 2914 1199 2930 n.
1213 2905 1291 2938 4996,

400 2940 570 2965 ricordando
586 2942 611 2966 la
626 2942 747 2975 epistola
761 2943 789 2967 di
805 2944 965 2968 Innocenzo
980 2945 1038 2969 “ad
1059 2946 1291 2971 reformationem

342 2991 372 3008 10
402 2982 414 2994 “
427 2985 629 3015 monasteriim
648 2985 723 3008 della
742 2992 786 3009 ΧΠ
807 2986 862 3011 kal.
883 2987 1032 3019 d'ottobre,
1055 2996 1172 3021 assegna
1193 2989 1219 3013 la
1245 2989 1292 3014 de-

400 3026 549 3056 posizione
568 3027 596 3050 di
617 3027 764 3051 Adenolso
789 3029 814 3052 al
837 3035 870 3052 20
888 3031 950 3054 sett.
974 3035 1047 3062 ¹²¹5·
1086 3021 1107 3054 E
1126 3032 1203 3055 certo
1223 3030 1290 3064 perd

1415 358 1529 391 lanum
1552 369 1661 397 suum,
1685 359 1745 402 qui
1761 359 1798 391 in
1814 358 2050 392 Tusculanum
2066 364 2116 392 est
2131 369 2275 392 assum-2

1414 417 1503 454 ptus,
1541 418 1577 444 et
1606 419 1680 454 per·
1699 411 1901 456 magistrum
1930 411 2147 456 Raynerium
2176 415 2269 447 ωηοὲ

1412 465 1592 501 notarium,
1616 464 1675 507 qui
1692 464 1728 496 in
1745 464 1959 497 cardinalem
1974 471 2097 508 postea
2113 471 2165 499 est
2179 473 2278 510 prov}

1413 523 1534 550 motus.
1582 517 1654 556 Qui
1677 518 1721 551 de
1745 524 1835 550 statu
1850 519 2052 551 monasterii
2068 524 2103 551 et
2118 518 2163 552 de
2177 525 2271 563 per—⁴

1411 581 1496 603 sona
1518 570 1607 604 dicti
1630 570 1767 604 abbatis
1789 582 1853 614 per
1875 572 2065 605 monachos
2079 571 2143 605 sub
2164 567 2266 609 iun-24²

1411 630 1528 656 mento
1551 624 1729 657 ueritatem
1754 624 1883 657 certius
1897 624 2123 668 inquirentes,
2139 629 2176 658 et
2190 635 2215 669 q

1411 677 1610 710 didicerunt
1624 677 1823 721 redigentes
1837 677 1872 710 in
1887 677 2038 721 scriptis,
2050 677 2117 721 ipsi
2127 679 2279 713 summo'

1410 730 1564 772 pontifici
1577 731 1779 764 retulerunt.
1825 731 1900 764 Illis
1914 737 2030 764 autem
2045 730 2275 773 abeuntibus,

1408 783 1502 816 idem
1518 783 1627 817 abbas
1638 794 1748 826 prauo
1760 795 1841 817 usus
1857 783 2001 817 consilio
2015 775 2278 820 manantes-iuni·

1408 836 1542 869 munire
1555 838 1688 870 curauit
1700 838 1867 871 militibus
1883 843 1918 871 et
1932 831 2277 878 Βοωὶοηίὶῦιιηειάιξ

1407 890 1676 934 consanguineis
1699 897 1734 924 et
1764 890 1980 934 propinquis.
2026 890 2195 924 Similiter
2223 896 2270 933 θεῖ,

1407 952 1548 976 roccam
1572 944 1702 986 Ianule,
1733 943 1886 983 Annum,
1909 953 2051 977 roccam
2073 943 2201 979 Bantm
2223 948 2267 979 et

1408 1002 1558 1030 castrum
1595 997 1816 1036 Fractarum;
1848 997 1908 1041 qui
1946 997 2088 1031 tandem
2118 1008 2139 1031 ι
2167 1006 2274 1043 papa-3

1407 1056 1554 1084 uocatus
1578 1050 1671 1094 apud
1700 1051 1899 1094 Anagniam
1930 1050 2028 1084 uadit
2057 1050 2105 1084 ad
2132 1048 2279 1098 ipsulm

1409 1102 1481 1142 Qui
1492 1104 1638 1147 prestito
1654 1110 1885 1144 sacramento,
1902 1104 1997 1148 quod
2011 1096 2266 1139 monasteriam

1409 1157 1653 1190 decastellaret
1682 1163 1716 1190 et
1751 1167 1874 1190 roccas
1904 1157 2096 1200 predictas,
2125 1167 2256 1201 easque
2266 1163 2270 1176 ²

1407 1210 1443 1242 in
1466 1221 1587 1243 manus
1610 1221 1730 1244 eorum
1747 1211 1912 1253 traderet,
1928 1209 2054 1254 quibus
2067 1209 2142 1254 ipse
2158 1215 2280 1253 muli-53,

1406 1263 1523 1301 dabat,
1547 1271 1731 1308 correptus
1745 1264 1789 1297 ab
1806 1274 1848 1297 eo
1864 1263 2025 1297 dimissus
2040 1269 2104 1298 est.
2140 1263 2190 1298 Et
2198 1273 2279 1298 m-

1406 1317 1506 1350 diens
1528 1317 1574 1350 ad
1596 1316 1854 1357 monasterium,
1877 1317 1964 1350 illud
1994 1322 2127 1350 tantum
2148 1316 2271 1352 deca-1

1406 1370 1569 1411 stellauit‚
1591 1370 1736 1414 reliquis
1757 1370 1824 1404 sibi
1848 1369 2002 1403 castellis
2024 1370 2188 1409 retentis}
2218 1365 2277 1405 ets·

1403 1430 1592 1467 propterea
1607 1430 1754 1457 uocatus
1770 1435 1790 1458 a
1805 1434 1898 1468 papa
1913 1424 2052 1463 iterum,
2067 1423 2279 1458 incolsultsss-

1405 1478 1501 1510 uadit
1523 1478 1570 1510 ad
1592 1478 1717 1521 ipsum,
1740 1488 1760 1510 a
1782 1488 1852 1521 quo
1874 1478 2083 1522 redargutus
2110 1477 2156 1512 de
2185 1477 2270 1514 θάμ

1404 1531 1551 1564 mentita
1573 1541 1652 1563 cum
1684 1531 1720 1563 in
1749 1542 1828 1564 eum
1854 1530 1993 1574 publice
2021 1529 2131 1564 uellet
2159 1530 2198 1564 fe

1405 1584 1634 1627 depositionis
1648 1584 1864 1623 sententiam,
1879 1583 2168 1627 persuadentibus
2187 1583 2280 1623 sibi*

1403 1638 1577 1670 nonnullis
1622 1637 1851 1677 renunciauit,
1897 1643 1932 1670 et
1975 1637 2080 1671 cenit
2115 1637 2253 1672 inuitus.

1405 1691 1520 1731 Quem
1541 1692 1616 1734 ipse
1646 1702 1739 1735 papa
1769 1690 1869 1734 apud.
1891 1690 2080 1724 Larianum
2110 1682 2276 1726 mundat

1403 1745 1582 1784 custodiri,
1606 1745 1722 1779 donec
1743 1755 1866 1779 roccas
1887 1745 2063 1788 predictas
2085 1744 2254 1789 resignari
2286 1741 2289 1743 ’

1403 1799 1515 1832 faciat
1527 1800 1571 1832 ad
1587 1799 1787 1832 mandatum
1804 1810 1913 1832 suum.
1947 1798 2027 1832 Hoc
2041 1798 2159 1842 itaque
2172 1807 2254 1833 oum
2266 1814 2276 1819 ’-

1402 1853 1639 1886 innotesceret
1659 1853 1694 1885 in
1717 1859 1811 1886 terra
1841 1851 2054 1891 monasterii,
2084 1850 2270 1886 Minddo

1404 1916 1512 1948 nepos
1550 1906 1636 1938 dicti
1676 1906 1811 1938 abbatis
1847 1905 2031 1938 consulens
2067 1904 2142 1939 vite
2177 1914 2252 1946 sue,
2272 1899 2273 1910 ³

1405 1970 1482 1992 cum
1505 1965 1595 1992 esset
1623 1960 1659 1991 in
1692 1958 1823 1992 Sancto
1855 1959 2032 1992 Germano
2063 1962 2099 1992 et
2126 1957 2268 1995 mulmis

1317 840 1355 872 10

1316 1107 1352 1139 15

1309 1376 1351 1408 20

1309 1643 1349 1676 25

1308 1891 1359 1944 30'

1403 2013 1575 2047 nonnullis
1597 2013 1768 2046 intulisset
1793 2013 1958 2051 offensas,
1981 2017 2086 2046 nocte
2110 2011 2252 2056 fugiens
2318 2043 2319 2046 ,

1405 2066 1537 2100 relictis
1559 2077 1669 2100 uxore
1693 2073 1729 2099 et
1751 2066 1812 2099 filii
1841 2066 1878 2099 in
1908 2074 2015 2099 rocca
2045 2064 2188 2104 Baium,
2211 2063 2280 2110 ἰιιςῃἸν

1403 2131 1472 2164 qua
1487 2120 1628 2163 quidam
1640 2127 1715 2153 erat
1725 2120 1918 2153 monachus
1930 2118 2160 2152 consobrinus
2169 2127 2251 2153 mu!
2267 2122 2274 2168 [A
2317 2131 2319 2162 s

1402 2185 1439 2206 se
1462 2174 1611 2216 recepit;
1637 2184 1714 2206 cum
1739 2184 1807 2217 quo
1830 2173 2051 2216 postmodum
2081 2171 2168 2206 fecti
2191 2181 2250 2205 ec-
2316 2215 2319 2220 Ἰ

1403 2228 1509 2261 clesie
1532 2227 1695 2268 rebelles,
1718 2234 1845 2260 terram
1870 2227 1977 2270 ipsius
1999 2225 2173 2259 hostiliter
2193 2225 2279 2263 ins
2316 2235 2319 2267 ‚¹

1401 2281 1585 2314 testebant.
1633 2282 1773 2314 Interea
1788 2281 1883 2314 iussu
1897 2280 2090 2324 apostolico
2105 2279 2152 2314 de
2166 2278 2255 2332 sulz!-⁹
2270 2293 2278 2326 ζ·

1307 2180 1347 2213 35

1401 2335 1579 2369 stitutione
1606 2335 1740 2368 abbatis
1770 2340 1936 2368 tractatur
1967 2334 2001 2366 in
2024 2332 2246 2372 monasterio:

1490 2471 1533 2497 26.
1553 2471 1705 2496 Sorianum
1725 2470 1812 2501 Urna,
1832 2471 1924 2495 invect
1943 2470 1974 2494 di
1990 2469 2147 2495 Lei-lunum

1346 2695 1397 2719 che
1411 2694 1454 2725 R..
1468 2696 1551 2719 tanto
1564 2695 1637 2718 bene
1649 2693 1789 2718 addentro
1803 2692 1879 2724 negli
1893 2691 1974 2717 affari
1987 2691 2016 2716 di
2029 2691 2243 2718 Monteeaulno
2272 2708 2275 2711 <

1346 2739 1373 2762 al
1395 2738 1481 2769 tempi
1502 2737 1532 2762 cli
1557 2736 1687 2767 Stehno,
1700 2735 1762 2760 dice
1776 2734 1826 2760 che
1839 2735 1931 2767 questi
1953 2735 1982 2759 fu
1995 2734 2084 2760 eletto
2103 2734 2181 2768 negll
2201 2733 2242 2760 idi
2283 2768 2285 2772 ι

1347 2780 1374 2804 di
1396 2779 1555 2811 settembre,
1572 2776 1636 2803 eloe
1656 2778 1676 2802 ll
1700 2785 1749 2809 13²
1768 2776 1915 2801 Adenolro
1936 2777 1966 2801 fu
1985 2778 2077 2809 prima
2096 2776 2196 2802 vhiuso
2209 2776 2242 2802 ln
2273 2783 2279 2798 ὁ

1346 2820 1373 2846 S.
1393 2821 1511 2846 Stefano
1532 2820 1561 2844 di
1581 2820 1728 2844 Portarlvl
1749 2819 1779 2843 in
1803 2817 1928 2851 Anagni,
1953 2826 1967 2842 e
1986 2819 2036 2852 poi
2057 2819 2086 2843 ln
2106 2817 2241 2843 Lariano.
2263 2851 2265 2854 ι
2313 2842 2315 2847 ,

1433 2861 1444 2878 ²
1464 2863 1530 2887 Non
1544 2861 1558 2887 ὲ
1572 2861 1763 2895 improbabile
1776 2861 1827 2885 che
1839 2859 2022 2885 s’identffichl
2035 2868 2090 2885 con
2103 2859 2241 2890 Mirsrdo.
2266 2862 2277 2890 ’ἢ

1345 2905 1510 2938 aggiustato
1530 2906 1561 2930 ln
1580 2903 1723 2934 eraddo,
1742 2903 1846 2935 milite,
1866 2902 1893 2927 le
1913 2903 1959 2927 cul
1985 2903 2092 2928 decime
2116 2903 2162 2927 del
2181 2909 2240 2927 mu·
2281 2894 2284 2911 ³

1345 2947 1402 2971 lini
1421 2946 1434 2959 ¹‘
1447 2949 1474 2971 et
1494 2946 1742 2980 pannitergiorum
1753 2964 1766 2978 „
1783 2945 1887 2970 fui-ono
1902 2945 1922 2969 il
1939 2951 1978 2977 13,
1993 2952 2070 2974 mar..
2086 2950 2154 2976 1224
2165 2951 2238 2972 esse·
2274 2951 2278 2982 ᾗ

1344 2991 1431 3021 gnate
1450 2989 1603 3014 dall'abate
1622 2988 1742 3014 stefano
1761 2995 1811 3020 per
1830 2989 1839 3012 1
1866 2988 1982 3020 poveri;
2008 2987 2044 3013 cf.
2065 2988 2186 3020 Regem
2210 2986 2241 3013 eis·

1344 3031 1497 3057 TOMMAso
1517 3032 1623 3061 decano,
1643 3032 1701 3062 cit„
1720 3038 1747 3063 p.
1767 3036 1809 3055 20.
