2320 3444
428 222 462 256 L
1179 216 1519 254 PREFAZIONE
2312 217 2320 293 j

1546 526 1580 559 S.
1606 525 1788 564 Germano,
1811 535 1830 558 ι
1853 526 2005 570 maggio
2026 528 2120 569 1228,
2142 527 2213 559 ind.
2235 525 2268 560 I.

520 608 690 651 Landolso
713 609 810 640 abate
832 608 871 640 di
893 607 1138 640 Montecassino
1161 607 1301 641 concede
1323 607 1361 639 ai
1379 608 1455 640 suoi
1474 607 1609 640 monaci
1636 611 1722 639 tutte
1752 607 1783 639 le
1813 607 1946 640 rendite
1976 607 2064 640 della
2093 607 2204 641 chiesa
2232 607 2274 641 di
2312 627 2313 631 =

434 663 468 697 S.
493 664 629 706 Magno
651 662 691 694 di
709 662 833 700 Fondi,
857 672 918 694 con
941 665 1027 693 tutte
1049 661 1079 693 le
1101 672 1160 693 sue
1183 661 1393 704 pertinenze,
1426 664 1631 705 soprattutto
1651 664 1719 704 per
1751 661 1966 704 provvedere
1987 660 2054 694 alle
2081 662 2187 694 coltn'
2213 661 2272 695 dea·
2312 677 2313 682 ¹

429 718 501 750 loro
516 717 679 803 ZZZ«,
703 769 741 801 di
764 770 1020 807 Mmtecassim,
1057 767 1161 811 Caps.
1184 767 1329 801 CXVII.
1352 768 1368 801 Ι
1409 767 1438 807 7,
1474 768 1562 812 orig.
1600 786 1638 792 —
1665 768 1745 800 Cod.
1771 768 1870 812 Dipl.
1895 767 2084 810 Cas‘etanus,
2118 769 2188 803 vol.
2223 769 2268 808 11,
2300 791 2306 795 »

434 825 512 857 doc.
536 823 599 856 388
612 835 621 861 ς
644 822 800 866 Regesto
823 822 863 854 di
883 822 1068 855 TOMMAso
1091 822 1240 860 Decano,
1263 833 1322 865 pp.
1347 823 1440 855 62-3.

518 930 558 972 ff(
581 930 623 963 ΙΝ
643 938 785 962 nonum
807 929 944 962 Domini
967 929 1076 962 nostri
1098 929 1177 962 Iesu
1201 929 1340 962 Christi.
1382 928 1486 962 Anno
1509 929 1762 962 incarnationis
1791 929 1864 961 eius
1895 928 2077 962 millesimo
2099 929 2272 964 ducente·
2312 972 2313 975 Ἴ

424 985 512 1018 simo
529 984 694 1017 uicesimo
712 989 838 1016 octauo
858 983 864 1025 Ι
885 990 1052 1028 regnante
1068 983 1208 1016 domino
1232 989 1350 1016 nostro
1372 982 1575 1022 Frederico,
1597 982 1663 1015 Dei
1678 983 1788 1027 gratia
1804 983 2043 1016 Romanorum
2059 982 2269 1026 imperatore

424 1049 561 1082 semper
575 1044 733 1082 augusto,
749 1043 784 1070 et
806 1037 927 1070 Sicilie
944 1044 979 1070 et
994 1037 1180 1070 Ierusalem
1195 1047 1292 1080 rege,
1314 1047 1430 1069 mense
1446 1036 1564 1075 madii,
1586 1036 1697 1079 primo
1715 1036 1772 1069 die
1795 1036 1951 1069 eiusdem
1972 1036 1978 1078 Ι
1997 1035 2138 1074 mensis,
2159 1036 2270 1071 indic-
2302 1035 2309 1055 ἶ

425 1093 520 1126 tione
543 1092 666 1136 prima.
713 1091 888 1131 Quoniam
912 1090 995 1124 boni
1017 1090 1167 1133 pastoris
1191 1097 1243 1123 est
1264 1091 1308 1123 de
1331 1090 1475 1123 creditis
1497 1090 1562 1123 sibi
1586 1090 1707 1123 ouibus
1731 1089 1897 1134 cogitare,
1922 1095 1957 1123 et
1979 1090 2026 1123 ad
2047 1099 2166 1123 curam
2188 1100 2270 1134 per·
2299 1111 2303 1134 3

425 1146 512 1179 tinet
534 1146 644 1189 patris
657 1145 939 1178 sollecitudinem
956 1144 1085 1177 habere
1102 1155 1166 1187 pro
1187 1145 1192 1185 Ι
1213 1143 1306 1182 filiis,
1329 1143 1407 1177 ideo
1430 1154 1494 1177 nos
1516 1143 1712 1177 Landulfus
1727 1144 1794 1176 Dei
1810 1144 1922 1188 gratia
1938 1143 2136 1178 Casinensis
2150 1142 2269 1184 abbas,
2312 1180 2313 1183 ,

423 1200 610 1243 prouidere
626 1199 784 1232 uolentes
797 1198 933 1231 dilectis
949 1197 1116 1231 fratribus
1128 1197 1255 1230 nostris
1269 1197 1451 1231 casinensi
1467 1196 1664 1236 conuentui,
1677 1197 1768 1230 sicut
1783 1207 1826 1230 ex
1840 1198 1999 1231 iniuncto
2020 1198 2026 1239 ί
2045 1197 2147 1231 nobis
2157 1197 2270 1232 officio
2300 1216 2310 1236 χ

427 1261 595 1292 tenemur,
619 1263 698 1286 cum
719 1252 786 1294 ipsi
810 1257 955 1294 propter
977 1251 1141 1283 malitiam
1163 1251 1329 1293 temporis
1346 1261 1413 1294 que
1429 1243 1609 1294 precessit,
1624 1251 1661 1283 in
1677 1250 1794 1284 multis
1815 1251 2058 1284 necessitatem
2074 1251 2271 1285 sustineant

429 1313 462 1341 et
491 1307 679 1344 detectum,
702 1306 884 1348 percipere
908 1315 976 1338 non
1006 1305 1173 1347 ualentes,
1205 1305 1390 1347 deputatos
1412 1305 1478 1338 sibi
1499 1303 1504 1347 Ι
1524 1304 1684 1338 redditus
1707 1304 1752 1337 ab
1775 1304 1928 1347 antiquo,
1951 1305 2138 1339 eeclesiam
2159 1304 2272 1338 sancti
2300 1306 2311 1350 J

426 1361 547 1404 Magni
569 1360 613 1392 de
630 1359 772 1397 Fundis,
795 1369 876 1392 cum
898 1358 1100 1402 integritate
1116 1368 1231 1390 rerum
1247 1364 1282 1391 et
1304 1358 1593 1401 pertinentiarum
1609 1368 1747 1390 suarum
1771 1358 1932 1391 duximus
1948 1358 2057 1401 ipsius
2081 1364 2272 1392 conuentus
2299 1367 2305 1389 s

426 1414 543 1447 usibus
565 1419 599 1446 et
621 1411 911 1453 necessitatibus}
932 1417 1103 1454 perpetuo
1135 1411 1381 1454 deputandam.
1427 1410 1628 1444 Statuentes
1657 1417 1696 1443 ut
1720 1422 1785 1444 nec
1809 1423 1830 1444 a
1852 1411 1951 1444 nobis
1978 1421 2045 1445 nec
2076 1411 2121 1444 ab
2151 1411 2271 1456 aliquo
2307 1408 2311 1454 s

428 1477 667 1501 successorum
690 1471 886 1499 nostrorum
909 1465 984 1507 ipsa
1008 1464 1161 1497 ecclesia
1184 1471 1219 1497 et
1243 1465 1315 1498 eius
1338 1472 1529 1508 prouentus
1551 1464 1707 1497 subtrahi
1740 1464 1867 1498 debeat
1889 1475 1910 1496 a
1932 1471 2066 1507 potesta
2086 1464 2091 1507 1
2110 1470 2147 1498 te
2174 1464 2268 1508 ipso-

429 1532 514 1554 rum.
561 1520 605 1553 Et
626 1527 664 1552 ut
687 1520 754 1552 hec
777 1524 894 1552 nostra
915 1518 1071 1561 prouisio
1094 1518 1201 1552 robur
1224 1518 1380 1562 optineat
1402 1525 1609 1561 perpetuum
1633 1524 1668 1551 et
1684 1518 1863 1552 concessio
1882 1518 1947 1551 hec
1969 1525 2110 1552 maneat
2130 1527 2270 1562 semper

430 1576 561 1607 intacta
584 1579 619 1606 et
641 1574 749 1612 firma,
773 1573 841 1605 hoc
858 1572 986 1606 exinde
1001 1571 1178 1615 publicum
1199 1572 1205 1613 Ι
1225 1572 1491 1604 instrumentum
1515 1572 1590 1604 fieri
1609 1572 1766 1611 fecimus,
1789 1572 1883 1615 quod
1907 1571 1970 1605 tibi
1994 1571 2159 1616 magistro
2181 1571 2267 1605 Rie-

430 1629 537 1661 cardo
568 1628 702 1660 notario
725 1627 771 1659 ad
793 1633 997 1669 perpetuam
1018 1627 1024 1669 Ι
1043 1626 1095 1658 rei
1124 1631 1222 1670 geste
1245 1626 1348 1659 fidem
1372 1625 1571 1658 faciendam
1594 1625 1749 1659 scribere
1772 1626 2026 1658 mandauimus.
2059 1624 2270 1669 Specialiter

424 1687 540 1714 autem
563 1681 710 1713 fecimus
725 1680 921 1723 predictam
938 1679 1201 1712 concessionem
1217 1689 1282 1722 pro
1298 1678 1419 1712 cultris
1435 1679 1605 1712 lectorum
1621 1690 1772 1718 suorum,
1787 1679 1824 1711 in
1848 1678 1972 1722 quibus
1994 1678 2087 1712 idem
2111 1678 2238 1712 fratres
2257 1677 2263 1721 Ι
2298 1686 2300 1689 ’

425 1734 533 1768 nostri
558 1734 733 1776 patiuntur
756 1734 960 1776 plerumque
984 1732 1174 1766 defectum.
1213 1732 1340 1766 Actum
1360 1732 1365 1775 Ι
1386 1733 1421 1764 in
1445 1732 1710 1775 s[uprascrip]ta
1733 1732 1873 1765 ciuitate
1898 1731 2018 1766 Sancti
2044 1732 2224 1766 Germani.
2301 1735 2305 1743 ¹

513 1787 553 1830 ᾖ(
577 1788 653 1832 Ego
677 1788 736 1831 qui
757 1797 864 1830 supra
886 1787 1084 1820 Landulfus
1107 1787 1172 1820 Dei
1195 1787 1308 1831 gratia
1330 1786 1532 1820 Casinensis
1556 1786 1664 1820 abbas
1678 1785 1700 1819 ¹.

1307 1973 1385 2006 VII.

515 2082 687 2115 Riccardo
710 2082 749 2114 di
768 2080 803 2115 S.
829 2082 1000 2115 Germano
1021 2082 1134 2114 notaio
1157 2081 1281 2113 manda
1303 2081 1342 2112 aa·
1362 2080 1445 2114 RR.
1466 2081 1578 2125 padri
1598 2082 1638 2113 di
1660 2081 1907 2114 Montecassino
1931 2081 1948 2113 i
1973 2082 1988 2098 ‘⁴
2001 2079 2102 2114 ritmi
2113 2105 2129 2122 „
2156 2079 2193 2113 in
2207 2079 2266 2113 cua·
2295 2102 2305 2118 »,

423 2136 573 2168 descrive
594 2135 628 2167 Ia
646 2146 763 2179 grave
786 2135 940 2167 malattia
962 2135 1001 2167 di
1020 2135 1077 2167 cui
1087 2133 1137 2178 fu
1157 2134 1284 2178 colpito
1306 2134 1336 2166 il
1354 2143 1398 2175 31
1420 2134 1532 2178 luglio
1556 2134 1677 2177 [1242],
1702 2146 1720 2167 e
1741 2135 1770 2167 li
1783 2137 1902 2178 prega
1917 2134 1956 2166 di
1969 2131 2163 2167 ricorda‘rlo
2178 2132 2264 2166 nelle
2286 2126 2313 2165 ,¹

425 2188 498 2221 loro
519 2190 682 2221 oraaet'om'.
2291 2186 2296 2195 ¹

511 2241 676 2275 Archivio
698 2242 738 2274 di
758 2242 1006 2274 Montecassino
1031 2241 1111 2274 Cod.
1135 2250 1203 2284 34²
1226 2245 1304 2281 ant„
1326 2240 1414 2274 mod.
1439 2251 1491 2284 40.

510 2348 667 2381 Dominis
688 2348 816 2382 sanctis
838 2354 874 2381 et
895 2348 1051 2391 patribus
1074 2348 1277 2381 reuerendis
1292 2359 1392 2381 sacro
1409 2348 1606 2381 Conuentui
1623 2349 1816 2391 Casinensi‚
1834 2349 2046 2394 singulorum
2062 2355 2099 2382 et
2109 2347 2262 2381 omnium
2292 2339 2310 2392 ῑ

422 2403 535 2436 fidelis
550 2409 584 2435 et
598 2402 755 2435 subditus
769 2403 922 2435 notarius
938 2401 1134 2435 Riccardus
1150 2402 1194 2435 de
1210 2400 1340 2435 Sancto
1357 2401 1532 2435 Germano
1549 2413 1668 2435 eorum
1685 2403 1814 2436 sanctis
1830 2402 2043 2437 orationibus
2065 2401 2234 2449 adiuuari.
2252 2401 2260 2440 Ι
2278 2407 2297 2449 λ’

424 2457 496 2497 Qui
517 2457 668 2489 uisitauit
691 2467 753 2489 nos
776 2456 906 2488 dudum
927 2457 1042 2489 oriens
1065 2467 1109 2488 ex
1131 2457 1212 2494 alto,
1228 2456 1372 2489 uisitans
1386 2466 1499 2499 nuper
1520 2456 1672 2490 uisitauit
1688 2469 1754 2495 me,
1779 2464 1815 2490 et
1828 2457 1981 2490 uisitatio
1997 2467 2060 2490 sua
2074 2454 2263 2489 custodiuit
2294 2454 2307 2501 'J

424 2511 580 2554 spiritum
604 2521 728 2542 meum.
773 2510 956 2553 Castigans
980 2509 1166 2553 castigauit
1188 2520 1254 2548 me,
1278 2515 1313 2542 et
1336 2510 1439 2543 morti
1462 2521 1531 2543 non
1562 2510 1704 2544 tradidit
1723 2514 1728 2551 1
1749 2511 1807 2555 qui
1837 2509 1992 2554 pectoris
2023 2515 2168 2542 mortem
2191 2518 2261 2542 non
2294 2511 2304 2524 ⁶

424 2565 550 2608 diligit,
573 2565 637 2597 sed
659 2563 814 2596 salutem.
860 2563 956 2596 Ecce
980 2573 1097 2596 arcum
1121 2569 1245 2595 contra
1267 2574 1335 2602 me,
1358 2573 1475 2596 arcum
1499 2574 1596 2596 suum
1620 2565 1780 2603 tetendit,
1805 2571 1839 2597 et
1861 2563 1999 2607 parauit
2028 2562 2137 2602 illum,
2169 2566 2205 2595 et
2225 2561 2264 2596 in
2294 2582 2307 2610 ³15

424 2619 500 2660 ipso
523 2617 658 2660 parauit
678 2628 761 2649 uasa
783 2617 915 2655 mortis,
938 2617 1063 2660 sagitta
1085 2623 1186 2648 acuta
1208 2616 1406 2649 uulnerauit
1428 2627 1494 2650 me.
1541 2617 1602 2650 Set
1624 2618 1760 2650 uulneri
1783 2622 1862 2660 post
1882 2617 1887 2658 Ι
1907 2617 2024 2649 uinum
2041 2614 2262 2654 austeritatis,
2310 2627 2311 2630 ¹

423 2671 661 2704 misericordie
683 2670 799 2704 oleum
823 2669 1058 2703 Samaritanus
1081 2669 1219 2708 infudit,
1243 2670 1302 2713 qui
1325 2670 1531 2714 egritudinis
1554 2682 1629 2703 mee
1653 2671 1837 2714 dispendia
1853 2671 1890 2703 in
1905 2670 2024 2703 salutis
2039 2669 2152 2702 anime
2168 2678 2263 2702 com·

426 2725 557 2767 pendia
581 2724 815 2758 commutauit.
861 2724 955 2756 Ecce
979 2734 1082 2766 quam
1106 2723 1218 2756 bonus
1241 2729 1295 2756 est
1319 2724 1497 2762 Dominus,
1522 2735 1625 2768 quam
1647 2725 1727 2768 pius
1752 2730 1804 2758 est
1828 2730 1862 2757 et
1878 2723 2094 2761 misericors3
2111 2721 2171 2766 qui
2185 2722 2262 2766 pie-
2287 2757 2289 2759 ,

504 2845 543 2870 ¹4·
564 2839 688 2863 Corretto
707 2838 742 2862 da
760 2838 898 2862 sustinert
927 2851 958 2856 —
981 2836 1021 2862 18.
1042 2837 1164 2862 Coro-etto
1183 2837 1219 2861 da
1239 2837 1329 2869 ipsam
1349 2837 1504 2862 Ecclesiam
1525 2851 1557 2855 —
1576 2837 1618 2870 36.
1638 2839 1694 2862 mle
1716 2837 1779 2863 Cod.
1799 2851 1831 2856 —
1850 2843 1893 2870 37.
1911 2840 1928 2868 q
1949 2837 2012 2862 Cod-

518 2937 524 2953 ⁴
545 2941 697 2965 Tommaso
716 2941 834 2971 decano,
854 2941 900 2964 nel
920 2940 1090 2965 trasei-lvere
1109 2940 1154 2965 fra
1173 2940 1195 2964 n
1218 2945 1283 2971 1275
1303 2948 1318 2964 e
1373 2941 1462 2969 moni,
1480 2940 1507 2964 di
1529 2940 1626 2965 alcuni
1644 2940 1689 2965 del
1710 2940 1789 2972 quali
1810 2946 1867 2964 non
1887 2940 2039 2964 ricorrono
2053 2938 2125 2963 altre
2137 2937 2261 2968 notizia
2293 2958 2305 2975 Ι,

427 2982 448 3006 11
472 2982 536 3007 1281
558 2983 603 3006 nel
627 2990 679 3007 suo
705 2985 816 3015 regesto
841 2983 939 3015 questa
969 2982 1155 3007 concessione
1179 2982 1318 3014 aggiunse
1374 2989 1452 3007 come
1470 2983 1505 3007 ad
1525 2983 1663 3016 esempio:
1688 2983 1717 3007 di
1737 2982 1880 3012 Teodlno,
1899 2981 1944 3007 del
1963 2981 2082 3015 giudice
2100 2979 2262 3011 Gualtiero,
2298 3003 2302 3014 ‚

427 3023 456 3048 di
477 3031 526 3048 suo
547 3024 573 3048 le
590 3026 738 3057 segnnture
758 3025 786 3049 di
815 3025 883 3049 altri
909 3026 980 3050 sette
1005 3024 1174 3049 funzionarl
1199 3032 1213 3049 e
1238 3025 1318 3049 testi·
1373 3025 1402 3050 di
1423 3025 1548 3050 Roberto
1567 3025 1601 3051 de
1620 3025 1676 3050 Ota
1695 3033 1709 3049 e
1728 3025 1757 3049 dl
1777 3024 1841 3057 Ugo
1860 3023 1973 3049 Ramfa.
