2320 3444
115 217 191 241 Mu»,
201 222 234 237 cc>
245 207 366 242 9⁹⁹me
376 207 423 242 36

288 2750 319 2767 10

289 2959 318 2985 15

345 350 423 372 cum
446 340 491 372 ad
515 349 611 371 suum
635 337 812 369 seruitium
834 336 1037 378 profecturi.
1085 334 1190 374 Quod

345 403 423 425 cum
446 392 496 424 illi
520 392 564 424 de
588 390 716 422 ducato
740 389 820 432 quia
843 389 1002 421 Romane
1037 389 1188 421 ecclesie

346 445 551 477 tenebantur
574 443 796 485 [renuerent]‚
812 443 1075 485 significa[n]tes
1094 443 1190 486 quod

345 509 365 529 a
388 497 528 530 domino
551 509 643 540 papa
659 503 758 529 erant
782 496 947 538 prohibiti
971 507 1015 528 ne
1031 498 1189 540 requisiti

346 551 389 583 ab
413 551 623 592 Imperatore
651 549 695 582 acl
725 550 905 582 seruitium
935 549 1010 582 eius
1040 552 1188 583 accede-

345 609 430 642 rent,
455 604 646 646 Imperator
668 604 744 645 ipse
767 613 845 635 suas
868 603 915 635 ad
931 613 991 636 eos
1014 603 1118 636 iterat
1134 604 1189 637 lit-

344 662 436 689 teras
458 657 493 688 in
518 657 583 689 hac
607 657 737 689 forma:

435 710 449 725 “
463 709 696 752 Fred[e1ieus]
732 716 767 743 et
801 715 922 742 cetera
956 712 1119 753 potestati
1154 718 1189 745 et

348 763 544 794 “communi
582 763 732 796 Nucerie
756 763 901 807 aliisque
933 763 1047 807 [intra]
1082 765 1190 798 comi-

350 819 483 848 “tatum
507 823 543 850 et
567 817 730 850 ducatum
760 816 897 859 Spoleti
934 818 1131 851 constitutis
1153 824 1190 851 et

348 871 503 902 “cetera.
550 870 775 903 Accedentes
805 881 916 913 nuper
946 871 1107 905 felicibus
1130 883 1190 905 au-

346 922 361 938 “
376 923 492 965 spiciis
516 929 600 965 aput
623 923 769 963 Fanum,
793 923 852 956 ubi
878 925 1018 957 nuntios
1041 931 1077 958 et
1099 926 1188 958 mili-

346 974 361 991 “
378 981 431 1008 tes
454 977 613 1019 u[estr]0s
635 979 730 1011 iuxta
753 978 908 1020 premissi
932 979 1086 1012 mandati
1116 980 1189 1012 for-

346 1029 361 1045 “
376 1040 466 1061 mam
489 1031 703 1072 sperauimus
719 1031 849 1064 habere
874 1038 1062 1074 presentes,
1086 1033 1190 1066 intel-

349 1082 522 1115 “leximus
551 1094 595 1116 ex
618 1085 728 1117 relatu
760 1085 989 1127 quorundam,
1018 1087 1114 1129 quod
1144 1088 1189 1120 ad

346 1137 360 1152 ‘⁴
375 1136 642 1178 prohibitionem
667 1138 892 1180 apostolicam
908 1146 1060 1172 nostram
1085 1139 1190 1172 distu—

350 1191 364 1206 “
378 1189 463 1221 listis
500 1190 626 1233 exequi
663 1190 851 1223 iuxionem.
899 1192 1015 1235 Super
1053 1203 1123 1235 quo
1155 1199 1189 1226 et

348 1242 495 1284 “fid[el]i
519 1243 738 1285 prouidentia
761 1245 896 1277 romani
919 1245 1096 1288 pontificis
1118 1257 1189 1279 non

349 1295 550 1328 “immerito
574 1296 733 1328 duximus
759 1296 1015 1337 admirandum,
1041 1300 1096 1332 cui
1119 1310 1189 1333 non

349 1351 363 1366 ‘⁴
377 1350 550 1381 incertum
573 1350 691 1382 existit
714 1351 810 1393 quod
825 1351 869 1383 de
884 1357 979 1384 terra
995 1352 1097 1385 etiam
1121 1364 1189 1396 que

349 1405 364 1420 ‘⁴
377 1402 568 1445 antiquitus
592 1409 644 1436 est
666 1403 757 1436 beati
778 1404 875 1437 Petri
898 1406 1105 1448 patrimonio
1129 1417 1190 1449 ap-

349 1458 363 1474 “
377 1456 516 1498 plicata,
562 1462 696 1489 certum
735 1458 781 1490 ad
826 1458 1088 1502 requisitionem
1126 1470 1189 1492 no-

349 1512 364 1528 ⁸
377 1515 482 1542 stram
498 1510 681 1543 suruitium
697 1512 734 1543 in
750 1511 939 1555 colloquio,
956 1512 1190 1555 expeditione,

349 1566 363 1581 ‘⁴
377 1574 419 1596 ac
442 1564 633 1598 rationibus
655 1565 743 1604 aliis,
773 1565 966 1598 rationibus
995 1566 1190 1606 aduocatie,

349 1619 363 1636 ‘⁴
377 1618 539 1661 dignitati
563 1623 679 1651 nostre
704 1618 865 1652 debetur:
890 1619 998 1652 multo
1021 1620 1130 1664 magis
1147 1621 1191 1653 de

349 1673 364 1688 ‘⁴
378 1671 446 1703 fide
468 1677 585 1704 uestra
602 1672 759 1715 cogimus
775 1672 956 1713 admirari,
972 1673 1033 1716 qui
1048 1673 1112 1706 sub
1128 1674 1190 1706 hu-

350 1724 526 1758 “iusmodi
560 1731 725 1767 pretestu,
757 1727 853 1769 quod
887 1726 923 1758 in
958 1727 1192 1770 preiudicium

350 1778 463 1810 “iuris
478 1779 586 1811 nostri
602 1789 678 1811 esse
696 1780 924 1823 dignoscitur.
970 1780 1028 1813 Ius
1043 1781 1192 1823 imperio

349 1833 363 1848 “
377 1831 531 1864 debitum
551 1831 732 1865 intenditis
747 1832 952 1872 obfuscare3
977 1844 1049 1866 non
1071 1840 1191 1867 acten-

349 1887 363 1902 ⁴‘
377 1886 501 1918 dentes
524 1897 627 1929 quam
650 1887 693 1919 sit
716 1888 937 1920 temerarium
961 1897 1030 1931 que
1051 1888 1191 1921 Cesaris

350 1938 455 1972 “sunt
478 1939 599 1972 Cesari
623 1940 791 1979 detinere,
808 1942 902 1984 apud
918 1952 1022 1985 quem
1045 1941 1191 1975 transire

347 1993 515 2036 “impune
538 1995 699 2038 nequerit
724 2001 960 2039 transgressor
989 2006 1050 2028 sue
1079 2002 1192 2028 trans-

349 2047 564 2090 “gressionis
601 2058 791 2081 excessum.
839 2049 876 2082 Si
901 2050 994 2081 enim
1017 2048 1192 2081 sanctissi-

351 2102 452 2133 “mus
475 2107 573 2142 pater
596 2109 715 2135 noster
738 2103 918 2136 Romanus
942 2102 1115 2145 pontifex.
1133 2102 1191 2145 qui

349 2156 514 2186 “tenetur
530 2154 602 2186 iura
625 2161 742 2187 nostra
764 2156 896 2194 fauere,
920 2154 1189 2197 prohibitionem

436 2305 475 2330 13.
495 2296 632 2333 n[ostr]os
655 2299 716 2324 Cod.
732 2313 764 2318 —-
781 2299 868 2332 16-17.
883 2299 1028 2325 distulltis
1041 2299 1138 2325 Gum.
1158 2314 1190 2317 —

349 2349 388 2374 19.
407 2350 469 2366 cum
488 2344 580 2368 invece
599 2345 629 2368 di
646 2344 693 2369 cul
712 2343 808 2370 GAUD.
829 2359 861 2363 —
882 2349 924 2376 27.
938 2351 990 2376 que
1012 2345 1075 2369 Cod.
1095 2358 1128 2363 —
1147 2350 1190 2376 3²-

346 2387 444 2418 nequit
464 2386 560 2413 GAtm.
580 2402 612 2406 —
631 2395 675 2420 35.
696 2389 793 2413 tavare
814 2389 891 2418 Cod.;
912 2389 1023 2414 salvare
1042 2387 1138 2413 GAun.

435 2490 443 2507 ²
464 2492 600 2521 ΒὸΗΜΕκ,
622 2500 647 2516 n.
666 2497 741 2525 1592,
755 2493 866 2526 riperta
885 2494 986 2524 questo
1001 2493 1091 2517 brano
1105 2492 1155 2517 che
1170 2492 1243 2517 fisse-

346 2533 429 2558 rebbe
450 2534 470 2557 il
491 2541 643 2566 convegno
663 2536 692 2559 In
711 2536 831 2560 Pescara
852 2537 881 2559 in
905 2535 1002 2560 “sesto
1022 2535 1151 2560 intrante
1171 2535 1244 2560 Mar-

348 2574 407 2599 “tii
419 2583 449 2607 ,ς
470 2576 493 2600 il
513 2575 586 2601 Cod.
605 2577 640 2601 ha
661 2576 730 2610 pero
751 2577 944 2602 chiaramente
973 2577 1100 2602 “octavo
1114 2594 1137 2609 „-

434 2616 444 2632 ²
459 2619 498 2643 La
512 2626 596 2643 causa
610 2619 686 2644 della
699 2619 845 2645 discordia
858 2620 900 2645 fra
911 2619 1059 2645 Giovanni
1072 2620 1101 2644 di
1112 2620 1245 2651 Brlenne,

345 2667 374 2684 re
388 2660 416 2684 di
432 2661 652 2693 Gerusalernme,
666 2670 680 2686 e
694 2662 830 2687 Federico
843 2662 878 2691 11,
891 2663 997 2687 marlto
1012 2662 1173 2691 d'Isabelia,
1186 2660 1244 2695 pub

345 2703 496 2727 ritrovarsi
518 2705 562 2728 nei
584 2704 638 2728 due
657 2704 779 2737 diplomi
801 2705 845 2729 del
866 2713 929 2736 gen.
952 2703 1028 2729 1226.
1067 2704 1131 2729 Con
1151 2705 1244 2736 questi

345 2744 467 2776 diplomi
480 2745 508 2769 lo
522 2747 610 2770 stesso
625 2746 805 2778 imperatore,
819 2746 878 2771 aila
891 2754 1025 2779 presenza
1039 2746 1068 2770 di
1084 2746 1244 2777 testimoni,

346 2787 547 2818 appartenenti
566 2788 736 2820 all’impero,
756 2788 783 2812 al
800 2795 889 2821 regno
909 2789 937 2812 di
952 2788 1163 2813 Gerusalemme
1182 2796 1196 2812 e
1215 2789 1243 2813 al

345 2834 433 2859 regno
448 2829 476 2852 di
497 2829 609 2859 Sicilia,
629 2830 818 2855 rivendicava
837 2838 853 2855 a
873 2829 901 2855 se
920 2830 943 2855 il
963 2831 1068 2855 diritto
1082 2831 1111 2854 di
1132 2831 1244 2855 confer-

346 2877 421 2894 mare
441 2871 594 2896 all’ordine
614 2872 659 2896 dei
680 2872 824 2898 Cavalieri
845 2873 1000 2898 Teutonici
1026 2880 1041 2897 e
1060 2880 1109 2905 per
1134 2875 1188 2898 essi
1215 2874 1243 2898 al

347 2912 409 2936 loro
435 2914 604 2945 “maestro„
632 2915 776 2940 Ermanno
802 2916 830 2940 di
857 2915 944 2947 Saltz,
969 2916 1038 2940 tutti
1063 2915 1105 2948 gli
1132 2916 1242 2940 antichi

348 2954 411 2978 loro
426 2955 571 2987 privilegi,
589 2963 604 2980 e
617 2957 690 2982 dava
703 2958 768 2982 loro
789 2956 892 2983 liberta
912 2959 942 2983 di
963 2959 1021 2982 sare
1040 2965 1137 2990 acqua.
1152 2958 1216 2982 erbe
1229 2966 1244 2982 e

349 2995 440 3028 legna‚
460 3004 475 3021 e
488 2997 511 3022 ll
530 3005 685 3024 esonerava
699 2999 745 3024 dai
762 3001 858 3026 dirittl
874 3000 902 3025 di
918 3000 1075 3033 plateatico
1095 3001 1123 3025 di
1141 3002 1215 3025 terra
1229 3008 1243 3025 e

807 204 1083 240 RYCCARDI
1111 205 1181 239 DE
1209 203 1421 239 SANCTo
1450 203 1720 239 GERMANO
2017 209 2070 246 [A.
2091 210 2187 246 ηπ]

1349 335 1501 368 intrante
1518 334 1635 368 Martii
1649 334 1659 352 ²
1684 346 1759 368 esse
1782 334 1975 377 Imperator
1989 337 2064 380 ipse
2081 337 2195 380 dispo-

1349 389 1408 427 nit,
1432 388 1584 420 debeant
1606 387 1809 421 conuenire.

1436 441 1488 474 Eo
1510 447 1666 483 tempore
1682 441 1853 474 Iohannes
1868 442 1984 475 dictus
1998 454 2059 476 rex
2074 443 2195 477 lhero-

1347 495 1564 528 solimitanus
1580 494 1715 526 discors
1729 494 1774 527 ab
1788 495 1999 537 Imperatore
2011 496 2161 530 discedit
2171 496 2195 530 ².

1275 550 1291 582 5
1436 548 1628 590 Imperator
1652 548 1696 580 de
1719 547 1850 590 Apulia
1872 549 1969 582 uenit
1990 549 2027 581 in
2049 550 2196 583 Terram

1347 602 1506 642 Laboris,
1523 607 1558 633 et
1571 601 1697 633 relicta
1709 607 1792 643 aput
1803 600 1987 634 Salernum
2003 602 2041 634 in
2055 604 2196 637 castello

1347 655 1540 687 Terracine
1563 653 1787 696 imperatrice
1804 660 1966 689 consorte
1981 666 2053 694 sua,
2069 656 2142 699 ipse
2157 656 2195 690 in

1349 707 1512 751 Apuliam
1529 707 1620 740 redit
1631 708 1734 746 celer,
1746 707 1806 739 ubi
1818 707 2007 741 Henricum
2019 709 2063 742 de
2077 709 2196 743 Mon-a

1349 761 1554 805 Magistrum
1579 761 1798 803 iustitiarum,
1830 762 2051 804 capitaneum
2078 764 2198 798 statuit

1257 819 1295 851 10
1349 816 1467 858 Regni
1490 815 1552 854 sui,
1577 821 1612 847 et
1626 815 1702 857 ipse
1726 814 1903 848 Piscaram
1925 826 1960 848 se
1978 817 2140 856 contulit;
2154 827 2197 852 ac

1350 869 1477 901 exinde
1494 868 1529 900 in
1553 867 1682 901 ducatu
1699 867 1835 910 Spoleti
1850 869 2070 911 perueniens,
2085 870 2196 904 homi·
2318 900 2320 911 2

1350 922 1450 954 nibus
1473 922 1620 954 ducatus
1643 922 1752 963 ipsius
1773 932 1837 964 per
1859 932 1938 954 suas
1959 922 2112 967 precipit
2140 924 2276 974 iit-{32¹
2318 914 2320 948 j

1349 981 1452 1013 teras,
1482 981 1519 1007 ut
1550 985 1668 1007 secum
1699 975 1735 1006 in
1766 974 2015 1009 Lombardiam
2045 976 2271 1027 debeanthbm

1349 1028 1541 1071 proficisci:
1566 1029 1661 1071 quod
1684 1039 1762 1061 cum
1779 1029 1899 1061 facere
1915 1029 1983 1072 ipsi
1998 1037 2197 1072 renuerent,
2205 1032 2268 1081 ἐξ,

1257 1084 1293 1118 15
1349 1088 1464 1125 preter
1487 1092 1577 1124 pape
1593 1082 1806 1122 mandatum,
1823 1082 1878 1114 cui
1894 1083 2111 1123 tenebantur,
2128 1084 2276 1118 Ina-”⁶⁴⁸¹-

1349 1141 1489 1178 perator
1505 1136 1550 1167 ad
1566 1145 1626 1168 eos
1644 1135 1775 1168 litteras
1789 1136 1893 1168 iterat
1908 1136 2096 1179 grauiores,
2112 1148 2199 1182 quas

1349 1189 1401 1221 illi
1426 1189 1470 1222 de
1494 1188 1621 1221 ducatu
1645 1189 1689 1221 ad
1712 1199 1839 1231 papam
1863 1189 2053 1223 remittunt.
2101 1190 2199 1230 Quas

1349 1243 1423 1284 ipse
1440 1253 1532 1285 papa
1547 1242 1693 1275 moleste
1710 1243 1840 1280 terens,
1855 1243 1951 1286 quod
1966 1243 2125 1278 homines
2140 1256 2199 1278 ee-

1350 1296 1455 1328 clesie
1487 1295 1552 1328 sub
1582 1301 1680 1328 certa
1711 1306 1803 1337 pena
1834 1296 1984 1330 uocabat
2013 1297 2123 1331 Cesar
2152 1299 2199 1333 ad

1253 1355 1295 1386 20
1351 1349 1621 1391 expeditionem,
1646 1359 1724 1381 suas
1747 1350 1793 1382 ad
1817 1361 1894 1381 eum
1910 1350 2045 1384 litteras
2062 1351 2197 1396 dirigit;

1351 1413 1438 1445 quas
1460 1402 1535 1444 ipse
1559 1401 1753 1444 Imperator
1783 1412 1909 1445 graues
1938 1410 2113 1447 reputans,
2143 1416 2199 1438 re-

1350 1455 1470 1489 scribit
1492 1455 1526 1489 ei
1550 1456 1648 1498 quasi
1665 1455 1708 1488 de
1723 1456 1810 1498 pari,
1827 1462 1862 1489 et
1878 1457 1959 1500 quia
1974 1457 2012 1490 in
2027 1459 2198 1502 rescripto

1349 1510 1426 1552 ipso
1442 1520 1536 1542 suam
1552 1509 1768 1542 uoluntatem
1782 1510 1865 1542 satis
1880 1510 2072 1553 Imperator
2087 1513 2198 1547 uoluit

1352 1563 1544 1601 declarare,
1568 1562 1667 1596 duxit
1690 1563 1765 1606 ipse
1785 1573 1878 1606 papa
1893 1563 1958 1596 sibi
1975 1565 2130 1607 asperius
2143 1577 2198 1599 re-

1254 1621 1295 1653 25
1350 1616 1582 1655 scribendum,
1616 1623 1762 1659 propter
1799 1618 1894 1660 quod
1931 1618 2124 1661 Imperator
2159 1625 2200 1654 ut

1350 1670 1459 1713 ipsius
1481 1670 1640 1713 placaret
1663 1671 1827 1710 animum,
1851 1671 2012 1705 rescribit
2027 1672 2200 1707 humiliter

1350 1725 1387 1756 in
1410 1724 1504 1756 omni
1527 1723 1744 1757 subiectione
1757 1723 1780 1756 ³.

1439 1778 1542 1810 Tunc
1575 1778 1679 1810 mittit
1713 1788 1733 1810 a
1767 1778 1949 1818 Rauenna,
1978 1780 2039 1813 ubi
2069 1782 2200 1824 pascha
2230 1792 2237 1801 ·

1351 1832 1491 1865 Domini
1515 1832 1683 1871 celebrat,
1707 1832 1862 1866 Henrico
1888 1832 2096 1868 Alamannie
2124 1835 2198 1880 regi

1255 1890 1296 1921 3ο
1350 1886 1420 1918 filio
1442 1896 1514 1922 suo.
1537 1891 1576 1918 ut
1599 1886 1663 1918 sibi
1687 1885 1723 1918 in
1746 1886 1996 1920 Lombardiam
2026 1894 2200 1923 occurrat.

1351 1939 1489 1973 Deinde
1513 1950 1532 1971 a
1555 1939 1727 1972 Rauenna
1743 1940 1936 1980 discedens,
1953 1946 2052 1975 extra
2066 1941 2201 1976 Fauen-

1351 1993 1444 2031 tiam,
1468 2003 1535 2036 que
1567 1993 1633 2025 sibi
1665 1992 1814 2025 aduersa
1844 1999 1930 2032 erat,
1958 1994 2026 2027 iter
2055 1994 2200 2035 habens,

1349 2052 1435 2089 aput
1459 2051 1610 2079 castrum
1634 2044 1754 2079 Sancti
1777 2047 1942 2080 Iohannis
1965 2047 2000 2079 in
2024 2049 2200 2082 territorio

1352 2100 1562 2132 Bononiensi
1586 2101 1701 2142 posuit
1724 2107 1836 2134 castra
1859 2112 1931 2141 sua,
1955 2101 2068 2145 ipsum
2098 2108 2199 2147 parte

1255 2156 1296 2188 35
1352 2154 1403 2186 sui
1433 2154 1606 2187 exercitus
1628 2165 1692 2197 per
1715 2155 1890 2188 ciuitatem
1923 2156 2080 2189 Bononie
2102 2167 2200 2200 pree-

1442 2306 1464 2323 1.
1484 2299 1593 2324 Martio
1613 2300 1643 2324 di
1655 2300 1749 2330 prima
1769 2309 1845 2325 mano
1866 2301 1929 2326 eod.
1950 2314 1982 2318 —
2002 2306 2045 2326 22.
2063 2301 2130 2332 ipso
2148 2307 2197 2325 om.

1350 2344 1449 2368 Pam-z

1300 2492 1328 2516 di
1351 2499 1426 2517 mare
1446 2500 1507 2525 per
1526 2495 1645 2518 totum
1673 2495 1836 2519 nostrum
1862 2493 1988 2518 dotale
2013 2493 2197 2518 Ierosoii-

1298 2535 1472 2559 mitanum
1499 2543 1658 2568 regnum;
1684 2536 1840 2561 ottenendo
1860 2536 1949 2561 anche
1968 2536 1990 2560 il
2017 2542 2158 2560 consenso
2183 2543 2198 2561 e

1298 2578 1326 2602 ia
1344 2578 1491 2602 conferma
1511 2578 1587 2603 della
1607 2579 1714 2612 moglie
1732 2579 1864 2609 Isabella,
1883 2585 1962 2603 come
1981 2579 2081 2611 regina
2100 2578 2131 2603 dl
2143 2577 2198 2604 Ge·

1297 2620 1479 2649 rusalemme;
1499 2621 1537 2645 cf.
1551 2621 1686 2652 Bonnam,
1703 2629 1752 2646 nn.
1772 2627 1850 2653 1590,
1864 2627 1947 2654 15913
1961 2620 2127 2653 R5mucnr,
2142 2622 2197 2646 Re·
2224 2625 2260 2644 zo

1298 2665 1386 2694 gesta,
1401 2670 1447 2687 nn.
1461 2667 1523 2695 973,
1536 2668 1599 2695 974.
1629 2663 1765 2696 Nell’apr.
1781 2665 1816 2688 ds
1830 2663 1967 2688 Ravenna
1981 2663 2038 2696 egli
2053 2663 2159 2696 prende
2173 2663 2196 2688 il

1298 2704 1388 2729 titolo
1408 2705 1438 2729 di
1457 2713 1506 2729 rex
1526 2705 1709 2736 Iherusalem,
1724 2706 1952 2735 meELMANN,
1965 2706 2044 2735 Acta,
2057 2706 2079 2738 Ι,
2092 2713 2119 2739 p.
2133 2712 2196 2739 ²49·

1386 2745 1397 2762 ³
1417 2746 1527 2775 Questo
1547 2751 1639 2781 punto
1659 2750 1733 2774 assai
1755 2749 1928 2781 importante
1942 2756 1991 2780 per
2004 2748 2032 2773 la
2045 2749 2136 2773 storia
2149 2747 2196 2773 dei

1297 2790 1427 2821 rapporti
1443 2790 1487 2815 {ra
1505 2790 1589 2815 Stato
1608 2798 1623 2816 e
1637 2790 1749 2820 Chiesa,
1769 2791 1848 2823 dopo
1867 2790 1895 2815 la
1910 2791 2129 2823 pubblicazione
2148 2790 2194 2816 del

1300 2831 1314 2846 ‘¹
1325 2831 1470 2857 Chronica
1483 2834 1586 2858 Priora
1596 2851 1619 2865 m
1639 2834 1670 2858 su
1684 2835 1809 2859 chiarIto
1822 2834 1893 2858 bene
1906 2833 1953 2858 dal
1968 2833 2196 2863 menfflnms,
2223 2837 2256 2865 25

1298 2875 1399 2899 Kaiser
1419 2875 1562 2900 Friedrich
1583 2876 1624 2905 Il,
1644 2881 1674 2900 υ
1691 2875 1734 2900 ed.
1749 2877 1808 2907 cit..
1828 2875 1850 2905 1,
1870 2883 1897 2907 p.
1913 2881 1980 2907 2073
1993 2883 2039 2900 ma
2052 2875 2126 2900 assai
2139 2881 2195 2900 me-

1295 2917 1357 2949 glio
1371 2917 1404 2941 ed
1424 2917 1682 2943 esaurientemente
1695 2918 1743 2943 dal
1756 2918 1916 2948 Psonvccr,
1935 2919 1977 2943 La
1988 2917 2153 2950 giom‘nezta
2166 2917 2198 2942 da·

1298 2959 1427 2984 Federico
1449 2961 1485 2984 II
1498 2961 1529 2984 di
1549 2960 1652 2985 Svevia
1671 2962 1731 2990 cit„
1751 2968 1777 2993 p.
1799 2959 1832 2984 26
1845 2967 1859 2985 e
1873 2967 1913 2993 sg.
1952 2959 1997 2985 Cf.
2019 2962 2086 2985 note
2105 2961 2131 2984 ai
2153 2961 2196 2984 tre

1298 3002 1463 3027 documenti
1484 3002 1559 3027 nella
1582 3004 1609 3026 ι·
1628 3002 1682 3027 col.

2313 2770 2320 2815 i

2315 2822 2320 2851 ε
