2320 3444
363 237 434 273 132
819 235 1097 271 RYCCARDI
1124 235 1194 270 DE
1221 233 1434 271 SANCTO
1463 234 1738 272 GERMANO
2035 244 2088 280 [A.
2110 244 2203 281 1225]

362 370 377 386 ‘⁴
390 369 516 402 denda.
563 367 670 406 Quod
686 367 714 400 si
731 377 808 399 eum
825 366 883 399 uel
898 376 981 398 casu
997 365 1115 409 aliquo
1131 376 1199 399 non

361 422 537 454 “transire
559 422 616 454 uel
640 420 696 458 ibi,
722 421 814 464 quod
831 420 930 458 absit,
947 419 1044 452 obire
1067 420 1201 452 contin-

360 477 375 492 “
388 475 490 518 gerit,
501 486 563 507 rex
577 481 610 508 et
622 474 822 517 patriarcha
840 480 874 506 et
890 473 1055 517 magister
1077 474 1200 506 domus

359 529 660 561 “Teutonicorum
691 526 886 569 predictum
917 527 962 559 ad
993 526 1133 559 laudum
1164 532 1199 559 et

355 582 370 598 ‘⁴
386 581 568 614 consilium
585 580 825 624 magistrorum
838 579 1028 622 Hospitalis
1044 586 1078 612 et
1092 579 1198 612 Tem·
1284 581 1302 614 5

358 635 434 677 “pli
468 644 510 666 ac
546 634 691 666 aliorum
725 633 912 676 proborum
945 633 1123 666 hominum
1153 634 1197 666 de

357 689 476 719 “terra
498 697 563 729 pro
586 686 694 718 salute
718 686 826 728 ipsius
850 686 1074 728 Imperatoris
1090 692 1124 719 et
1138 696 1197 718 an-

357 742 371 757 “
384 746 595 772 tecessorum
619 739 693 771 eius
709 740 741 770 in
760 739 905 772 seruitio
922 739 1002 771 Iesu
1017 739 1147 772 Christi
1164 745 1199 772 et

356 793 495 825 “Terre
518 797 638 825 sancte
662 792 755 825 bona
779 792 847 824 fide
870 792 1055 834 pecuniam
1086 793 1197 835 ipsam

356 848 370 863 ‘⁴
384 844 581 887 expendent
604 846 692 878 sicut
714 845 856 877 utilitati
880 845 987 887 ipsius
1009 850 1103 878 terre
1127 856 1196 878 me-
1263 851 1303 883 10

355 899 449 931 “lius
471 898 623 931 uiderint
645 898 825 941 expedire.

443 953 458 969 “
471 951 510 984 Si
533 962 631 990 uero,
647 951 741 995 quod
757 951 857 990 absit,
874 951 1044 995 quicquid
1059 952 1104 985 de
1119 953 1196 996 ipso

355 1006 595 1048 “Imperatore
622 1005 717 1037 infra
747 1006 980 1048 prescriptum
1010 1006 1196 1039 terminum

354 1058 577 1091 “humanitus
601 1059 815 1102 contingerit
837 1065 871 1091 et
892 1059 1036 1102 aliquid,
1052 1059 1108 1092 uel
1132 1060 1196 1093 ali-

352 1114 449 1156 “qua
471 1114 670 1146 defecerint
693 1114 738 1146 de
761 1114 827 1147 hiis
849 1125 917 1157 que
941 1114 1099 1156 superius
1115 1119 1196 1146 sunt
1262 1118 1299 1150 15

353 1167 367 1183 ‘⁴
381 1176 552 1208 expressa,
570 1167 731 1210 Regnum
748 1178 845 1199 suum
862 1167 983 1200 Sicilie
1001 1167 1195 1200 remanebit

353 1221 367 1237 ¹⁴
379 1221 426 1253 ad
448 1232 490 1253 ea
506 1222 622 1254 omnia
647 1221 848 1264 obligatum,
865 1222 913 1254 ita
930 1229 968 1255 ut
984 1222 1194 1266 quicumque

352 1274 468 1307 “illud
490 1274 624 1307 tenebit
641 1284 681 1307 ea
697 1275 833 1318 integre
850 1275 1043 1318 adimplere
1060 1275 1195 1317 [tenea-

353 1329 367 1346 “
380 1329 459 1370 tur].
504 1326 563 1361 Ad
580 1329 827 1361 transeundum
844 1334 958 1361 autem
975 1330 1124 1362 termino
1140 1339 1194 1360 su—

351 1382 366 1397 “
379 1381 576 1423 prascripto
614 1387 752 1414 tenetur
790 1382 1020 1424 personaliter
1048 1383 1195 1426 prestito
1256 1387 1300 1418 20

352 1433 570 1467 “iuramento
587 1435 923 1468 excomunicationis
946 1436 1116 1468 sententia
1133 1446 1195 1478 per

350 1488 364 1503 “
378 1488 615 1520 uenerabilem
640 1489 785 1521 fratrem
808 1494 961 1521 nostrum
986 1489 1193 1534 P[elagium]

351 1542 581 1584 “episcopum
619 1541 795 1575 Albanum
819 1553 861 1575 ac
892 1543 1059 1576 dilectum
1086 1543 1194 1576 filium

349 1595 363 1611 ‘⁴
378 1602 534 1628 nostrum
574 1596 721 1629 Gualam
766 1596 860 1629 tituli
899 1597 1009 1630 sancti
1048 1597 1193 1631 Martini

350 1649 610 1690 “presbiterum
633 1650 848 1682 cardinalem
873 1650 1106 1694 a[u]ctoritate
1131 1662 1193 1685 no-
1256 1654 1297 1687 25

349 1704 363 1720 ‘⁴
377 1707 447 1735 stra
470 1703 544 1745 ipso
567 1703 780 1746 Imperatore
797 1710 959 1746 presente
983 1716 1024 1738 ac
1046 1715 1194 1739 consen-

348 1755 362 1771 “
377 1756 484 1788 tiente
507 1757 576 1788 iam
601 1756 681 1795 lata,
706 1757 781 1800 ipse
798 1757 950 1796 incidet3
975 1758 1003 1791 si
1026 1759 1084 1791 uel
1108 1759 1194 1791 assi-

350 1810 365 1826 “
376 1816 482 1852 gnato
505 1817 662 1854 tempore
685 1822 756 1844 non
779 1812 956 1846 transierit
970 1814 1028 1846 uel
1044 1823 1114 1846 non
1131 1814 1193 1846 du-

349 1865 363 1880 “
376 1864 465 1896 xerit
477 1875 596 1897 secum
613 1871 647 1898 et
659 1865 812 1898 tenuerit
828 1876 893 1908 per
908 1865 1086 1900 biennium
1097 1867 1192 1900 mille

348 1918 503 1950 “milites
527 1918 583 1950 uel
605 1929 677 1951 non
700 1919 918 1962 deposuerit,
932 1926 969 1953 ut
992 1921 1191 1963 predictum
1254 1923 1296 1955 30

347 1971 426 2002 “est
461 1972 655 2013 prenotatis
684 1972 842 2004 terminis
873 1982 905 2005 c.
935 1973 1029 2006 milia
1058 1974 1191 2007 uncias.

345 2023 359 2039 “
374 2022 432 2056 Ad
454 2024 592 2067 reliqua
614 2035 700 2057 uero
724 2025 888 2059 astrictus
906 2032 957 2059 est
979 2027 1124 2061 uinculo
1139 2028 1190 2060 iu-

348 2078 364 2094 “
377 2078 522 2110 ramenti
537 2079 574 2110 in
590 2078 741 2110 animam
757 2089 853 2111 suam
870 2080 914 2113 de
930 2081 1095 2114 mandato
1118 2081 1192 2114 eius

348 2131 395 2162 “a
426 2131 578 2173 quodam
612 2131 721 2165 nobili
752 2132 788 2165 in
826 2134 1002 2175 presentia
1035 2134 1190 2167 eiusdem

346 2183 532 2222 “exhibiti,
555 2195 733 2227 expresso,
760 2186 855 2229 quod
871 2187 901 2219 si
922 2187 958 2219 in
983 2188 1100 2231 aliquo
1131 2198 1191 2221 eo·
1254 2189 1294 2223 35

348 2237 450 2268 “rum
481 2238 658 2272 defecerit
693 2239 847 2272 ecclesia
880 2241 1042 2274 Romana
1068 2240 1113 2274 de
1136 2252 1190 2274 as-

347 2291 361 2307 “
375 2301 478 2323 sensu
501 2292 610 2334 ipsius
626 2292 693 2324 iam
710 2293 859 2335 prestito
874 2294 968 2327 feret
982 2295 1189 2328 sententiam

345 2342 412 2376 “in
436 2345 597 2378 eundem.
645 2346 691 2379 Et
721 2347 771 2378 ita
794 2347 852 2390 qui
876 2353 952 2380 erat
985 2347 1190 2390 simpliciter

345 2397 359 2412 '⁴
374 2397 546 2442 obligatus
580 2399 626 2432 ad
659 2401 917 2439 transeundum,
939 2401 976 2433 in
999 2400 1188 2434 subsidium

345 2452 360 2468 ‘⁴
373 2451 486 2484 Terre
499 2458 632 2491 sancte,
641 2463 735 2485 nunc
747 2453 924 2498 obligatus
935 2454 1011 2496 [est]
1023 2454 1069 2487 ad
1080 2454 1189 2487 multa
1252 2457 1294 2489 40

346 2504 441 2537 “alia
463 2506 531 2548 ipsi
554 2511 658 2539 terre.
703 2506 753 2539 Ut
777 2518 860 2551 ergo
885 2508 930 2540 ad
945 2507 1189 2540 liberationem

345 2559 480 2600 “ipsius
513 2559 670 2591 diuinum
705 2560 840 2593 deuotis
874 2559 1188 2604 supplicationibus

343 2611 357 2627 “
371 2612 596 2654 impetremus
618 2612 780 2646 auxilium
799 2620 835 2648 et
850 2613 972 2647 fideles
987 2612 1189 2657 apostolicis

345 2665 599 2709 “indulgentiis
622 2672 657 2698 et
680 2667 792 2700 modis
824 2667 902 2700 aliis
926 2667 1092 2711 congruis
1113 2667 1189 2699 ani-

345 2719 510 2756 “memus,
533 2719 570 2750 in
594 2719 714 2762 primis
738 2720 932 2760 statuimus,
959 2721 1190 2763 predecesso-
1250 2723 1291 2756 45

345 2772 447 2803 “rum
481 2778 676 2804 nostrorum
711 2773 870 2816 uestigiis
903 2774 1113 2811 inherentes,
1150 2779 1189 2806 ut

345 2825 522 2866 “psalmus
554 2826 627 2858 ille:
672 2826 789 2859 “Deus
822 2832 996 2860 uenerunt
1029 2833 1182 2871 gentes„

344 2876 358 2892 ‘⁴
372 2878 515 2921 singulis
530 2878 665 2918 diebus,
683 2881 840 2923 exceptis
859 2881 1043 2914 dominicis
1070 2887 1104 2914 et
1119 2881 1187 2914 sol-

430 3009 470 3035 23.
489 3004 678 3030 Albanensem
699 3005 796 3032 GAUD.
815 3021 847 3026 κ
868 3007 911 3033 28.
930 3008 1067 3033 transibit
1089 3008 1185 3034 GAun.
1216 2989 1220 3038 Ι
