2320 3444
15 1025 25 1038 ’ἤ

22 867 35 893 1².

24 900 31 922 ἰ

25 998 29 1015 a

23 1052 30 1072 i

13 1737 35 1756 κῑ.

97 2653 111 2680 5

82 2869 114 2887 10

71 1968 116 1999 30
139 1973 260 2000 rerunt
284 1967 391 2000 curiis
413 1967 506 2009 ipsis.

920 231 1197 268 CHRONICA

1905 230 1916 261 l
1928 227 1973 267 87
1990 238 2062 262 Mun..
2076 243 2110 259 cc.
2127 242 2215 262 ¹033·³4

134 361 305 405 Stephani
320 362 329 380 ¹
354 363 540 408 magnifice
565 364 829 402 celebrandum;
848 364 906 407 qui
931 374 1050 397 mense
1074 363 1279 396 Decembris
1302 364 1368 396 fuit
1391 362 1436 395 ab
1451 362 1647 395 hominibus
1671 361 1790 395 Sancti
1810 360 1977 393 Germani
2002 358 2059 378 0¹²⁵
2086 358 2216 378 '¹⁶¹¹'⁷‘¹'“²¹¹'³

135 416 182 448 ad
210 415 320 458 ipsius
349 416 572 458 Imperatoris
603 416 770 449 honorem
801 417 985 461 magnifice
1017 416 1222 458 celebratus,
1253 416 1303 448 ita
1334 416 1428 459 quod
1458 425 1632 458 pauperes
1666 414 1757 446 ultra
1793 413 1977 457 quigentos

136 469 447 509 manducauerunt,
471 476 507 503 et
529 471 673 502 saturati
695 476 773 502 sunt
795 471 898 502 nimis
920 480 1020 512 pane,
1045 470 1126 501 uino
1151 475 1186 501 et
1210 469 1374 501 carnibus
1396 469 1432 500 in
1455 468 1572 511 platea
1594 467 1745 511 publica.

222 522 417 564 Imperator
439 529 522 566 aput
545 522 764 567 Syracusiam
787 522 905 555 statuit
925 523 961 554 in
986 523 1091 556 Curia
1113 522 1281 566 generali,
1312 528 1350 554 ut
1373 521 1459 554 nulli
1488 522 1613 554 amodo
1645 521 1751 554 liceat
1775 521 1818 553 de
1841 520 1920 552 filiis
1945 525 1980 552 et

91 576 111 609 5
133 575 269 608 filiabus
284 575 403 619 Regni
425 576 646 609 matrimonia
669 587 748 608 cum
771 576 915 609 extersis
939 582 973 609 et
989 576 1199 614 aduenffliis,
1215 577 1274 619 qui
1291 575 1348 608 uel
1365 586 1432 618 que
1449 585 1518 607 non
1535 575 1606 607 sint
1622 575 1667 608 de
1692 576 1830 618 Regno,
1848 573 1980 616 absque

133 629 242 672 ipsius
264 629 412 672 speciali
435 630 664 673 requisitione
688 631 853 663 mandato
876 640 938 662 seu
969 640 1142 662 consensu
1172 629 1276 662 Curie
1308 639 1369 661 sue
1402 629 1622 666 contrahere,
1652 628 1821 660 uidelicet
1843 633 1881 660 ut
1911 637 1977 660 nec

134 681 249 726 alique
265 683 310 715 de
326 683 455 726 Regno
478 682 608 716 nubere
624 682 830 726 alienigenis
845 683 1006 720 audeant,
1023 692 1088 714 nec
1107 682 1213 725 aliqui
1228 682 1503 725 alienigenarum
1522 682 1607 713 filias
1631 681 1761 714 ducere
1784 682 1821 714 in
1844 689 1981 719 uxores,

138 745 230 778 pena
253 736 415 779 apposita
438 735 590 769 omnium
613 747 728 768 rerum
752 747 889 768 suarum
903 735 925 768 ².

225 843 412 876 Millesimo
437 842 705 876 CC⁰XXXIIII⁰
727 853 845 875 mense
868 842 1031 880 Ianuarii,
1054 848 1137 885 aput
1160 841 1358 874 Messanam
1381 842 1456 884 ipse
1474 843 1667 884 Imperator
1690 851 1816 884 regens
1839 841 1981 874 Curiam

74 897 113 930 10
135 897 347 941 generalem,
370 897 490 930 statuit
513 896 547 928 in
577 901 711 938 septem
742 896 862 937 Regni
892 896 1048 938 partibus
1073 905 1138 937 per
1167 907 1294 928 annum
1326 896 1507 938 generales
1539 895 1710 928 nundinas
1743 894 1983 932 celebrandas,

135 950 304 983 mandans
336 956 374 983 ut
403 951 438 983 in
470 949 612 993 singulis
643 949 831 992 prouinciis
859 950 897 982 in
927 949 1051 992 quibus
1082 955 1183 981 erunt
1213 949 1368 982 nundine
1401 949 1599 987 constitute,
1630 948 1796 991 quamdiu
1826 948 1981 980 nundine

136 1004 211 1047 ipse
238 1003 450 1042 durauerint‚
474 1003 587 1035 nullus
617 1008 793 1035 mercator
821 1002 879 1034 uel
910 1002 1144 1034 ministerialis
1177 1002 1259 1034 alibi
1291 1013 1368 1034 cum
1400 1001 1575 1034 mercibus
1605 1008 1638 1034 et
1668 1002 1771 1034 rebus
1801 1000 1983 1033 uenalibus

135 1068 238 1101 quam
269 1057 305 1089 in
335 1057 414 1090 loco
444 1057 676 1089 nundinarum
708 1056 859 1088 inueniri
890 1061 1076 1098 presumat.

23 1151 24 1154 Ἴ
137 1110 310 1144 durabunt
332 1122 353 1144 a
375 1111 465 1144 festo
489 1109 607 1143 Sancti
630 1110 774 1153 Georgii
797 1120 906 1153 usque
929 1110 975 1142 ad
1007 1110 1131 1142 festum
1162 1109 1376 1142 inuentionis
1407 1109 1525 1142 Sancti
1557 1109 1779 1152 Archangeli.

75 1163 113 1197 15
135 1170 237 1197 erunt
264 1164 396 1207 Capue,
426 1169 462 1197 et
491 1164 665 1197 durabunt
695 1175 716 1195 a
747 1173 839 1196 xxu.
871 1163 983 1196 Madii
1013 1173 1122 1206 usque
1147 1163 1191 1194 ad
1219 1169 1381 1195 octauam
1413 1163 1513 1195 Iunii.

1127 1055 1242 1087 Prime
1273 1055 1428 1088 nundine
1461 1062 1564 1087 erunt
1594 1062 1678 1097 aput
1709 1055 1919 1092 Sulmonam‚
1950 1059 1984 1086 et

1827 1108 1984 1141 Secunde

1558 1163 1681 1195 Tertie
1705 1167 1806 1194 erunt
1836 1161 1986 1199 Lucerii,

135 1224 171 1251 et
192 1217 366 1251 durabunt
388 1228 408 1250 a
431 1218 522 1250 festo
545 1217 639 1251 beati
663 1217 828 1250 Iohannis
851 1216 1007 1259 Baptiste
1031 1226 1140 1259 usque
1164 1217 1209 1249 ad
1227 1222 1307 1248 octo
1331 1215 1416 1249 dies.
1458 1216 1592 1255 Quarte
1617 1222 1719 1248 erunt
1744 1221 1829 1258 aput
1844 1214 1983 1254 Earum,

135 1277 171 1305 et
194 1271 369 1304 durabunt
392 1283 411 1304 a
433 1271 523 1304 festo
548 1271 759 1314 Magdalene
781 1281 891 1314 usque
922 1271 968 1302 ad
998 1270 1127 1302 festum
1158 1270 1270 1302 sancti
1299 1270 1491 1302 Laurentii.

135 1332 170 1359 et
192 1325 368 1358 durabunt
389 1335 410 1356 a
433 1325 524 1358 festo
547 1324 658 1357 sancti
681 1324 918 1358 Bartholomei
941 1333 1050 1367 usque
1081 1324 1126 1356 ad
1157 1324 1282 1356 festum
1313 1323 1506 1356 natiuitatis
1536 1323 1638 1356 beate
1671 1323 1834 1366 Uirginis.

31 1415 33 1418 Α
136 1384 238 1412 erunt
260 1379 436 1416 Cusentie‚
459 1384 494 1410 et
517 1377 691 1411 durabunt
714 1388 734 1409 a
758 1379 848 1410 festo
873 1377 964 1410 beati
988 1376 1139 1410 Matthei
1161 1387 1270 1420 usque
1295 1377 1340 1409 ad
1364 1377 1502 1409 fe'stum
1527 1378 1620 1410 beati
1644 1376 1816 1420 Dyonisii.

15 1429 26 1475 j]
70 1435 112 1466 20
136 1444 191 1466 me
215 1438 315 1466 erunt
337 1432 456 1476 Regii,
480 1438 516 1464 et
539 1432 714 1465 durabunt
736 1443 756 1464 a
779 1432 869 1464 testo
900 1431 1011 1464 sancti
1033 1431 1132 1467 Luce
1163 1440 1273 1474 usque
1305 1431 1350 1463 ad
1374 1431 1502 1463 festum
1534 1431 1685 1463 omnium
1716 1435 1916 1462 sanctorum
1946 1428 1982 1459 in

611 1485 739 1518 Statuit
761 1485 866 1518 etiam
889 1485 966 1527 ipse
989 1485 1183 1527 Imperator
1208 1491 1290 1526 aput
1314 1484 1510 1516 Messanam
1542 1484 1596 1515 bis
1625 1485 1662 1515 in
1693 1493 1786 1515 anno
1812 1483 1849 1514 in
1880 1482 1984 1514 certis

137 1486 298 1519 kalendis
320 1486 530 1518 Novembris
541 1484 564 1518 ³.

1539 1268 1672 1307 Quinte
1703 1275 1803 1301 erunt
1827 1268 1983 1306 Tarenti,

1882 1321 1984 1354 Sexte

1866 1374 1978 1416 Septi-

137 1539 255 1584 Regni
277 1539 466 1582 prouinciis
481 1539 664 1581 generales
679 1539 804 1572 Curias
820 1537 1060 1576 celebrandas,
1076 1537 1111 1570 in
1127 1537 1253 1582 quibus
1269 1537 1389 1570 licebit
1413 1536 1624 1580 quibuslibet
1642 1543 1762 1569 contra
1778 1535 1983 1578 Magistrum

137 1592 353 1626 iustitiarium
384 1592 581 1626 iustitiarios
614 1598 650 1625 et
681 1602 934 1635 quamcumque
964 1591 1066 1624 aliam
1098 1602 1282 1634 personam
1312 1602 1407 1623 suam
1438 1591 1689 1634 querimoniam
1721 1590 1913 1626 instituere,
1946 1594 1984 1620 ut

141 1657 262 1679 omnes
283 1657 378 1678 suam
401 1645 565 1678 iustitiam
588 1651 829 1689 assequantu13
852 1651 885 1677 et
907 1645 958 1678 ibi
983 1645 1049 1678 erit
1074 1655 1136 1687 pro
1167 1651 1267 1688 parte
1299 1645 1522 1687 Imperatoris
1553 1644 1695 1676 nuntius
1727 1642 1901 1686 specialis,
1926 1641 1984 1684 qui

13 1692 29 1733 ἐ
75 1698 116 1733 25
140 1700 292 1733 omnium
316 1700 475 1743 querelas
498 1701 535 1732 in
558 1700 697 1743 scriptis
720 1699 871 1743 rediget,
894 1705 928 1731 et
953 1709 1013 1731 eas
1034 1698 1208 1741 imperiali
1231 1698 1335 1731 Curie
1359 1698 1575 1741 presentabit
1605 1697 1667 1730 sub
1692 1707 1753 1729 suo
1778 1703 1813 1728 et
1837 1701 1984 1738 quatuor

141 1753 312 1787 bonorum
335 1753 489 1786 uirorum
512 1753 828 1786 ecclesiasticorum
853 1752 975 1796 sigillis
997 1752 1164 1795 signatas.

1212 1751 1391 1784 Clamores
1415 1756 1531 1783 tamen
1548 1757 1670 1783 contra
1688 1760 1748 1782 eos
1779 1749 1903 1787 factos,
1928 1748 1987 1791 qui

138 1807 304 1840 officiales
325 1817 394 1840 non
418 1812 508 1846 sunt,
531 1806 699 1839 decident
721 1806 893 1839 iustitiarii
915 1805 1107 1849 regionum.
1143 1805 1219 1837 Hiis
1235 1805 1362 1844 Curiis,
1378 1805 1430 1837 bis
1446 1804 1483 1836 in
1501 1815 1602 1842 anno,
1620 1810 1657 1836 ut
1673 1804 1806 1836 dictum
1824 1808 1875 1835 est
1891 1802 1984 1834 cele-

138 1860 294 1899 brandis,
317 1860 512 1892 intererunt
535 1865 683 1903 quatuor
706 1860 751 1892 de
774 1859 930 1902 qualibet
952 1869 1079 1902 magna
1102 1859 1255 1896 ciuitate,
1287 1859 1332 1890 de
1364 1857 1565 1890 melioribus
1587 1864 1690 1895 terre,
1714 1857 1806 1889 bone
1837 1856 1919 1888 fidei
1953 1861 1988 1887 et

138 1913 230 1947 bone
253 1913 438 1956 opinionis,
462 1919 496 1946 et
519 1913 578 1956 qui
598 1923 671 1946 non
693 1913 761 1946 sint
783 1914 827 1946 de
850 1919 966 1956 parte;
991 1913 1036 1945 de
1061 1913 1138 1945 aliis
1161 1923 1243 1944 uero
1267 1923 1338 1944 non
1361 1912 1496 1955 magnis
1520 1918 1555 1944 et
1578 1911 1620 1943 de
1638 1910 1791 1943 castellis
1807 1910 1876 1941 duo
1900 1909 1989 1941 inte-

553 1966 685 1999 Prelati
706 1977 793 1999 uero
818 1966 984 2004 locorum,
1008 1966 1072 1999 nisi
1090 1972 1221 1998 certam
1245 1965 1398 1997 habeant
1420 1965 1675 1998 excusationem
1701 1964 1796 2006 quod
1820 1963 1988 1994 interesse

137 2031 208 2054 non
231 2021 376 2064 possint,
400 2020 556 2053 similiter
578 2021 769 2053 intererunt
792 2020 924 2053 eisdem
949 2019 1075 2058 Curiis,
1093 2025 1127 2051 et
1151 2019 1290 2052 durabit
1306 2019 1411 2052 Curia
1434 2029 1498 2061 per
1513 2023 1592 2050 octo
1610 2018 1696 2056 dies,
1719 2017 1756 2048 in
1780 2016 1904 2059 quibus
1920 2016 1988 2047 nisi

140 2074 297 2117 expediri
320 2075 463 2119 negotia
485 2074 559 2117 ipsa
580 2080 755 2116 poterunt,
779 2074 1023 2118 prorogabitur
1046 2075 1082 2105 in
1105 2074 1181 2106 dies
1196 2073 1409 2116 quindecim.

1458 2071 1528 2110 Qui
1547 2078 1660 2104 autem
1678 2071 1882 2108 intererunt,
1907 2070 1986 2103 loco

140 2127 352 2170 prelatorum
375 2128 435 2170 qui
458 2127 626 2160 interesse
650 2137 719 2160 non
742 2133 906 2170 poterunt
923 2127 1187 2164 denuntiabunt,
1204 2127 1233 2158 si
1256 2127 1315 2170 qui
1331 2131 1409 2157 sunt
1432 2125 1466 2158 in
1483 2136 1601 2157 eorum
1619 2124 1802 2166 prouincia
1829 2124 1987 2166 patereni

139 2181 198 2213 uel
220 2181 378 2214 heretica
400 2181 572 2224 prauitate
594 2180 729 2219 infecti,
751 2187 790 2213 ut
812 2181 996 2213 seueritate
1021 2180 1141 2212 debita
1164 2180 1362 2222 puniantur.

74 2234 116 2267 35
139 2241 266 2268 statute
289 2241 378 2273 sunt,
402 2240 482 2268 sunt
506 2234 588 2267 hec:

1409 2180 1507 2212 Loca
1530 2184 1656 2216 autem,
1673 2178 1709 2209 in
1735 2176 1858 2220 quibus
1882 2177 1988 2210 Curie

228 2289 268 2320 In
293 2288 414 2321 Sicilia
438 2294 522 2331 aput
544 2287 703 2327 Platiam‚
725 2289 762 2321 in
787 2287 950 2321 Calabria
974 2293 1066 2320 terra
1090 2288 1231 2320 Iordani
1255 2294 1289 2319 et
1313 2287 1425 2319 Uallis
1452 2291 1548 2330 grate
1580 2291 1663 2328 aput
1693 2284 1902 2317 Cusentiam.
1948 2284 1988 2316 In

231 2425 255 2449 4.
275 2417 397 2442 omnino
416 2416 501 2441 liceat
515 2415 591 2441 UGH.
603 2429 636 2434 --
654 2421 681 2447 5.
694 2416 921 2445 advenkntibus,
934 2417 978 2441 vel
998 2418 1046 2448 qui
1062 2424 1118 2441 non
1134 2417 1192 2441 sint
1212 2415 1288 2440 UGH.
1302 2424 1315 2439 e
1334 2416 1398 2440 Dat.
1418 2415 1461 2439 Rs
1475 2429 1506 2432 —
1522 2421 1546 2446 7.
1558 2415 1653 2446 alique
1673 2423 1722 2438 non
1742 2414 1832 2445 aliqui
1853 2414 1883 2437 di
1895 2414 1989 2443 prima

141 2470 216 2487 mano
236 2475 268 2479 —-
291 2461 330 2486 16.
351 2462 427 2487 beati
447 2461 567 2486 Ioannis
586 2468 658 2494 pape
676 2461 767 2488 Uomz
789 2461 864 2486 beati
883 2460 1004 2486 Ioannis
1024 2461 1153 2493 Baptiste
1173 2469 1244 2493 pape
1264 2459 1345 2492 (εἰσί)
1365 2460 1429 2484 Dar.
1456 2460 1500 2484 RE
1526 2473 1556 2477 —
1587 2464 1626 2491 17.
1652 2467 1667 2483 a
1694 2460 1767 2483 festo
1794 2459 1883 2482 Mai-ie
1909 2458 1988 2482 Mad-

141 2504 242 2529 dalene
261 2503 337 2529 Uou.
357 2513 371 2528 e
390 2504 453 2528 Dat.
471 2503 516 2528 Rs
536 2517 569 2521 —
589 2509 631 2528 21.
651 2503 860 2528 Novembribus
879 2512 928 2528 non
947 2504 1119 2528 Novembris
1139 2512 1210 2528 come
1228 2504 1261 2527 lta
1283 2503 1356 2534 Cani„
1375 2503 1473 2527 Pmrz
1492 2511 1505 2526 e
1525 2503 1621 2527 GAUD.

229 2605 238 2623 ¹
259 2605 293 2631 26
311 2606 366 2632 dlc.
388 2613 466 2639 1194.
485 2606 522 2631 cf.
542 2605 575 2630 R.
596 2605 734 2631 all'anno.

226 2647 238 2665 ²
258 2649 369 2675 Constit,
391 2649 486 2681 Regni
507 2649 570 2678 sic„
583 2648 631 2677 111,
647 2654 678 2680 ²3
693 2647 707 2679 ἓ
722 2655 735 2672 2
751 2648 794 2673 ed.
807 2648 953 2678 Cascam,
971 2654 1037 2681 1793

138 2691 486 2720 aurnuns-amnonius,
506 2691 555 2720 IV,
575 2698 644 2723 459:
666 2689 834 2715 “Honorem
859 2691 948 2715 nostri
975 2690 1037 2715 dia-

142 2734 286 2759 “dematls
305 2734 433 2759 debitum
453 2734 664 2762 conservantes,
686 2733 810 2765 presenti
825 2733 1036 2757 constitutione

144 2775 158 2789 ⁸
169 2777 312 2801 sancimus
332 2777 437 2808 ubique
456 2783 506 2809 per
525 2775 663 2808 Regnum,
678 2777 710 2799 ut
724 2775 822 2799 nullus
840 2782 943 2806 eomes,
957 2775 1034 2806 baro,

142 2818 211 2843 “vel
231 2818 362 2850 quilibet,
381 2819 426 2843 vel
447 2818 568 2850 qullibet
589 2818 673 2846 alius,
698 2818 747 2849 qui
773 2817 914 2848 baronias,
941 2819 1036 2842 castra

142 2861 212 2885 “vel
231 2861 291 2886 alia
310 2861 394 2886 feuda
416 2862 444 2885 in
464 2861 560 2894 capite
581 2868 595 2885 a
615 2860 699 2885 nobis
718 2861 822 2890 teneat,
845 2860 888 2884 vel
908 2860 942 2884 ab
965 2860 1036 2891 alio,

141 2901 155 2916 “
167 2910 220 2935 que
239 2903 270 2928 ln
289 2903 527 2935 quaternionibus
546 2903 658 2927 dohane
678 2903 776 2927 nostre
794 2902 984 2927 inveniuntur
1005 2904 1035 2926 in

142 2946 293 2978 “scriptis,
312 2946 374 2970 sine
393 2946 583 2978 permissione
603 2946 701 2970 nostra
721 2951 838 2969 uxorem
861 2944 962 2969 ducere
988 2952 1036 2969 au-

142 2988 240 3018 “deat,
259 2989 392 3013 maritare
411 2988 495 3017 filias,
515 2995 635 3017 sorores.
654 2989 704 3012 aut
718 2988 814 3019 neptes
834 2987 877 3011 vel
892 2987 1035 3018 quaslibet

143 3031 249 3061 “slias,
274 3038 344 3064 quas
370 3031 424 3063 ipsi
452 3032 568 3064 possent
594 3031 642 3056 aut
667 3029 789 3055 debeant
818 3030 959 3059 maritare,
987 3031 1035 3054 aut

1093 2605 1193 2630 “filios
1213 2612 1335 2630 uxorare
1353 2613 1416 2630 cum
1443 2604 1639 2629 immobilibus
1665 2606 1714 2628 aut
1740 2603 1895 2627 mobilibus
1921 2603 1987 2627 huic

1094 2648 1178 2680 “lege
1198 2647 1414 2677 consuetudine,
1433 2655 1486 2678 que
1513 2648 1542 2671 in
1570 2647 1714 2678 aliquibus
1739 2646 1832 2677 Regni
1858 2646 1988 2677 partibus

1092 2691 1275 2715 “obtinuisse
1293 2690 1411 2718 dicitur,
1433 2697 1490 2714 non
1512 2690 1645 2714 obstante
1657 2705 1681 2719 „-

1177 2729 1188 2746 ³
1208 2731 1220 2755 Ι
1245 2732 1316 2755 sette
1342 2731 1457 2754 mercati
1484 2729 1610 2761 generali
1641 2728 1716 2752 nelle
1743 2728 1813 2751 sette
1840 2729 1914 2760 parti
1943 2727 1988 2752 del

1090 2780 1188 2805 regno,
1207 2773 1316 2798 esclusa
1336 2773 1363 2796 la
1383 2772 1494 2801 Sicilia,
1515 2773 1663 2796 (luravano
1684 2772 1714 2794 in
1735 2770 1872 2795 Sulmona
1893 2770 1939 2794 dal
1955 2777 1986 2802 ²3

1089 2816 1136 2848 1v,
1159 2817 1188 2840 in
1207 2817 1256 2841 cul
1277 2817 1321 2840 nel
1346 2823 1412 2847 1²34
1432 2815 1518 2840 cadde
1539 2815 1566 2838 la
1586 2815 1706 2845 l’asqua,
1726 2813 1792 2837 a11'“
1804 2814 1989 2845 apparizione

1092 2859 1145 2883 “di
1166 2859 1194 2885 S.
1213 2859 1336 2883 Michele
1355 2858 1543 2890 Arcangelo,r
1563 2855 1627 2881 eloe
1647 2857 1705 2889 agli
1734 2855 1749 2880 8
1769 2855 1809 2884 V;
1830 2857 1859 2880 in
1888 2856 1987 2888 Capua

1090 2902 1135 2926 dal
1157 2908 1188 2926 22
1211 2902 1234 2926 V
1253 2902 1314 2934 agll
1333 2901 1349 2925 8
1371 2900 1422 2930 VI}
1443 2902 1471 2924 in
1490 2900 1598 2924 Lucera
1612 2899 1657 2923 dal
1679 2898 1712 2922 26
1731 2899 1770 2922 VI
1790 2899 1817 2923 al
1837 2906 1852 2930 4
1869 2898 1934 2928 VII;
1958 2899 1988 2922 ln

1090 2944 1155 2968 Bari
1176 2944 1222 2968 dal
1249 2950 1281 2967 22
1308 2942 1360 2966 VII
1386 2942 1412 2966 al
1435 2949 1467 2966 10
1492 2941 1572 2970 V111;
1597 2942 1626 2965 in
1652 2940 1780 2965 Taranto
1807 2941 1853 2965 dal
1882 2946 1912 2964 21
1940 2939 1988 2971 IX¹

1089 2987 1116 3011 al
1137 2994 1153 3019 9
1173 2987 1212 3016 X',
1233 2986 1263 3010 in
1283 2985 1403 3018 Reggio,
1424 2984 1524 3013 infine,
1551 2983 1598 3008 dal
1620 2982 1652 3010 18
1673 2984 1698 3011 X
1718 2984 1743 3008 al
1768 2991 1778 3007 1
1801 2983 1847 3008 XI.

2027 385 2175 409 Imperatoris
2182 391 2216 404 ce-

2026 413 2178 432 teht-atur
2192 412 2216 431 in

2026 440 2111 459 Sancto
2123 439 2164 459 Ger
2170 444 2217 458 ma-

2029 472 2065 488 no.

2004 945 2114 966 Nundiue
2148 946 2221 964 statu-

2013 974 2085 992 untur
2096 972 2119 991 in
2130 972 2219 997 Regno.

2068 1391 2088 1405 c.
2104 1385 2153 1409 jar

2018 2818 2052 2835 20
