2320 3444
405 226 535 262 XLVI
1153 227 1491 265 PREFAZIONE

406 303 1156 309 ...-.,.......-,---...-......-..---.------.--.---.----------.----,---.....-....
1176 305 1212 310 ....
1503 304 2244 312 ...n-....-.-.-......-....-............-...-.....nn....-..-.............-...

495 359 535 401 ὦ
559 359 635 403 Ego
658 359 768 392 frater
790 359 976 393 Roffridus
998 360 1199 394 Casinensis
1221 361 1433 395 camerarius

493 413 534 455 ὦ
559 413 636 456 Ego
660 413 779 445 frater.
793 436 802 445 .
815 436 824 446 .
837 437 845 446 .

494 466 534 508 ᾖ(
558 467 636 510 Ego
659 467 769 499 irater
791 466 990 500 Adenulfus
1012 467 1211 510 supradicte
1237 469 1386 502 ecclesie
1409 467 1445 502 S.
1469 468 1562 502 Petri
1585 468 1795 512 prepositus.

495 520 535 562 ὦ
558 520 633 564 Ego
657 521 767 552 frater
790 520 989 553 Landulfus
1013 522 1168 554 decanus
1190 528 1226 555 et
1248 523 1438 555 monachus

493 574 534 616 ᾗ(
559 574 634 617 Ego
658 575 767 606 frater
789 574 995 619 Raynaldus
1017 576 1183 608 sacerdos
1206 581 1241 609 et
1263 576 1455 609 monachus

495 628 535 670 ὦ
560 628 636 672 Ego
660 628 770 661 frater
792 629 965 661 Iohannes
987 629 1223 662 subdiaconus
1246 636 1280 662 et
1303 630 1495 663 monachus

495 681 535 723 ᾖ
560 682 636 726 Ego
659 683 768 715 frater
791 682 993 715 Robbertus
1017 682 1183 716 diaconus
1206 689 1241 716 et
1263 685 1468 723 monachus,

496 735 536 777 ΡΒ
560 736 636 779 Ego
667 737 775 769 frater
797 737 982 779 Philippus
1005 737 1174 769 diaconus
1194 743 1230 770 et
1253 738 1443 770 monachus

493 788 534 830 ὦ
558 788 634 832 Ego
657 790 769 822 frater
790 789 980 833 Gregorius
1002 789 1237 824 subdiaconus
1260 797 1295 823 et
1320 792 1523 831 monachus,

495 843 535 885 ᾖ
559 843 635 886 Ego
657 844 767 877 irater
789 843 1020 886 T[ancredus]
1043 844 1276 878 subdiaconus
1298 851 1334 878 et
1355 846 1555 878 monachus.

494 933 534 958 La
553 941 724 966 pergamena
743 933 758 959 ὲ
777 934 869 959 molto
889 935 1020 968 sciupata
1038 943 1053 960 e
1071 943 1126 968 qua
1144 944 1159 961 e
1178 934 1207 961 la
1225 937 1335 970 logora.

492 978 613 1003 Dietro:
635 978 746 1004 “Carta
766 979 799 1004 de
819 979 900 1004 rebus
921 979 1053 1005 formatis
1073 980 1190 1006 traditis
1209 981 1331 1006 infirmis
1341 999 1367 1014 η.

1301 1146 1344 1180 II.

1837 1235 1859 1268 7
1882 1229 1948 1261 dic.
1971 1229 2069 1268 1187,
2091 1228 2162 1264 ina.
2191 1227 2251 1262 VJ.
2292 1271 2299 1282 .

492 1305 707 1338 Bartolomeo
736 1307 844 1339 Greco
867 1307 993 1339 medico
1016 1307 1166 1339 abitante
1189 1308 1225 1340 in
1247 1306 1283 1340 S.
1316 1308 1487 1340 Germano
1513 1309 1620 1341 vende
1656 1309 1849 1341 “libellario
1879 1309 1984 1349 iure„
2020 1319 2042 1341 a
2072 1308 2246 1343 Germano
2271 1304 2289 1342 l

404 1359 444 1391 di
466 1359 600 1392 Noceta
621 1371 688 1392 una
710 1371 771 1392 sua
793 1364 889 1393 terra
912 1361 1072 1404 piantata
1094 1373 1115 1393 a
1138 1362 1249 1404 vigna
1270 1362 1328 1394 nel
1347 1362 1453 1405 luogo
1476 1362 1568 1395 detto
1597 1364 1611 1380 “
1626 1362 1714 1395 Casa
1737 1363 1928 1403 rotunda„.
2297 1365 2300 1366 ⁷

491 1465 536 1498 In
557 1470 671 1499 sancto
697 1467 867 1500 Germano
890 1470 957 1511 pro
982 1467 1151 1500 Germano
1174 1469 1217 1501 de
1240 1468 1583 1513 Meda-Hospitalis·
1606 1480 1659 1503 an.
1683 1471 1766 1510 1187
1789 1469 1843 1502 die
1866 1477 1887 1510 7
1902 1469 2082 1504 dicembris
2095 1473 2134 1515 j.
2156 1471 2202 1510 87
2223 1469 2244 1503 b

405 1519 463 1551 dei
480 1519 670 1553 Framenta
695 1520 845 1564 Regesti
866 1521 1042 1554 Bernardi
1063 1522 1090 1553 l
1117 1522 1245 1554 abbatis
1269 1521 1470 1562 casinensis,
1493 1523 1530 1555 in
1553 1523 1714 1556 Arche’m’o
1737 1524 1777 1556 di
1795 1523 2055 1557 Montecassino.

490 1599 577 1632 Item
600 1606 875 1642 representatum
892 1602 960 1634 fuit
976 1602 1239 1635 instrumentum
1255 1602 1432 1645 publicum
1449 1604 1580 1636 factum
1598 1614 1661 1646 per
1677 1603 1891 1638 Riccardum
1908 1604 2079 1637 notarium
2104 1604 2140 1637 S.
2156 1604 2247 1638 Ger·
2297 1599 2302 1614 ”

401 1653 494 1684 mani
516 1663 608 1685 anno
630 1653 934 1694 M⁰CLXXXVII‚
958 1655 1123 1688 vicesimo
1146 1655 1301 1688 secundo
1324 1657 1425 1700 regni
1448 1656 1624 1689 Guillelmi
1649 1657 1806 1698 secundi,
1830 1657 1887 1690 die
1910 1668 1963 1690 vn
1979 1657 2175 1691 decembris
2196 1657 2246 1690 in·
2291 1696 2295 1700 .

401 1706 556 1739 dictione
581 1717 619 1739 vr
641 1718 705 1749 per
727 1708 821 1750 quod
844 1708 1110 1742 Bartholomeus
1127 1710 1262 1743 Grecus
1277 1710 1435 1743 medicus
1450 1711 1626 1743 habitator
1649 1711 1684 1744 S.
1702 1711 1868 1744 Germani
1885 1711 2045 1744 vendidit
2066 1710 2238 1744 libellario

401 1759 475 1792 iure
500 1760 675 1794 Germano
699 1762 743 1794 de
767 1761 904 1794 Noceta
921 1768 1048 1795 terram
1063 1774 1159 1795 suam
1177 1774 1255 1796 cum
1272 1763 1385 1796 vineis
1408 1765 1573 1806 plantatis
1587 1764 1646 1798 ubi
1662 1765 1789 1798 dieitur
1805 1776 1885 1798 casa
1907 1765 2066 1798 rotunda.
2104 1764 2248 1805 Ragau·
2295 1767 2303 1796 ’ζ

402 1812 583 1846 Bernardi
604 1814 632 1846 J
648 1814 789 1846 Abbatis
814 1814 1013 1854 Casa‘nensss,
1037 1816 1256 1859 Fragmenta
1272 1827 1314 1848 ex
1329 1816 1495 1850 Ara-bivio
1513 1817 1688 1850 casinensi
1701 1835 1743 1841 --
1759 1817 1806 1851 D.
1822 1817 1978 1851 Anselmi
1991 1818 2108 1852 Maria
2124 1817 2248 1863 Captet

402 1866 513 1899 Roma
536 1867 910 1912 MDCCCLXXXX,
933 1880 968 1912 p.
993 1870 1046 1903 80.
2298 1873 2302 1886 ¹

1295 2010 1356 2043 ΙΙΙ.
2261 1987 2300 2049 2:

1724 2105 1743 2127 I
1765 2095 1931 2128 dicembre
1952 2095 2045 2136 1188,
2067 2094 2138 2127 ind.
2161 2093 2242 2128 Vll.
2286 2102 2306 2130 ,κῇ

490 2169 667 2214 Roffredo
689 2172 865 2204 cardinale
887 2183 904 2204 e
926 2173 1023 2205 abate
1047 2173 1217 2206 Cassinese
1239 2172 1412 2217 conferma
1436 2175 1472 2207 al
1500 2180 1687 2208 monastero
1711 2176 1751 2208 di
1770 2174 1804 2208 S.
1839 2175 1972 2220 Matteq
1995 2175 2035 2208 da·
2057 2174 2199 2208 Castana
2221 2185 2240 2208 e
2295 2197 2303 2210 1

403 2224 441 2256 al
459 2235 518 2256 suo
541 2225 637 2256 abate
659 2235 676 2256 e
698 2229 837 2264 rettore,
853 2223 954 2268 frate
979 2226 1148 2270 Giacomo,
1165 2227 1249 2259 tutti
1269 2228 1286 2259 i
1300 2228 1479 2271 privilegi
1499 2239 1517 2261 e
1538 2230 1555 2261 i
1574 2229 1652 2261 beni
1660 2229 1797 2273 godwi,
1814 2240 1834 2260 a
1850 2229 2040 2262 condizabne
2062 2227 2123 2262 che-
2135 2239 2245 2273 regua

406 2281 543 2321 sempr-e
565 2278 600 2310 Ia
622 2279 747 2322 regola
769 2279 810 2311 di
829 2278 865 2311 S.
889 2279 1085 2312 Benedetto.

494 2393 658 2426 Arclzt‘vh
681 2394 719 2426 di
742 2395 1000 2434 Montecassino,
1025 2395 1127 2440 Caps.
1155 2395 1325 2435 CXIIII,
1339 2397 1437 2442 fasc.
1463 2398 1493 2437 l,
1517 2409 1550 2431 n.
1566 2409 1608 2431 2:
1626 2398 1705 2432 Cod.
1722 2399 1823 2443 Dipl.
1842 2398 2033 2432 Casinemis
2046 2398 2108 2431 dal
2122 2407 2202 2431 1101
2212 2396 2252 2431 al
2282 2372 2313 2441 ’

403 2456 494 2490 1199,
518 2451 596 2480 tom.
621 2446 685 2481 IV.

493 2537 533 2568 In
557 2537 693 2570 nomine
725 2537 865 2570 Domini
895 2538 1002 2571 nostri
1033 2538 1112 2571 Iesu
1143 2538 1282 2572 Christi.
1328 2539 1432 2573 Anno
1462 2540 1716 2575 incarnationis
1745 2543 1820 2575 eius
1842 2541 2025 2575 millesimo
2055 2540 2245 2575 centesimo
2298 2541 2304 2552 ’“

403 2591 637 2633 octuagesimo
662 2597 800 2630 octauo,
821 2591 992 2635 uigesimo
1016 2592 1120 2625 tertio
1144 2603 1235 2625 anno
1258 2593 1358 2636 regni
1383 2594 1517 2626 domini
1547 2596 1657 2627 nostri
1688 2596 1858 2629 Willelmi
1888 2595 2033 2629 secundi
2065 2595 2244 2640 gloriosis·
2301 2591 2317 2632 J.

403 2643 479 2675 simi
502 2644 604 2686 regis,
628 2655 745 2677 mense
769 2644 967 2677 decembris
989 2646 1102 2688 primo
1127 2646 1184 2678 die
1209 2646 1364 2679 eiusdem
1387 2648 1516 2680 mensis
1532 2648 1725 2682 indictione
1741 2650 1898 2693 septima.
1940 2649 2127 2682 Pastoralis
2142 2647 2248 2682 officii
2301 2642 2314 2671 ἶ

404 2697 523 2730 debito
547 2698 786 2740 compellimur
808 2698 857 2731 ita
877 2699 985 2742 quieti
1009 2705 1044 2731 et
1067 2699 1304 2743 tranquillitati
1327 2711 1503 2734 seruorum
1528 2702 1595 2735 Dei
1623 2703 1825 2746 prospicere
1847 2710 1884 2736 ut
1907 2703 1967 2747 qui
1983 2701 2149 2735 mundum
2164 2712 2248 2736 con·

403 2752 584 2793 tempsisse
609 2751 782 2790 uidentur,
806 2752 901 2785 nulla
923 2753 1069 2785 seculari
1093 2753 1325 2786 sollicitudine
1341 2765 1362 2786 a
1378 2754 1567 2788 Celestium
1583 2757 1880 2800 contemplatione
1896 2756 2124 2790 retrahantur.
2155 2755 2247 2790 Hinc

405 2808 466 2842 est,
490 2804 583 2846 quod
605 2814 669 2837 nos
692 2805 876 2838 Roffridus
892 2805 949 2837 dei
972 2805 1086 2849 gratia
1110 2806 1295 2838 cardinalis
1320 2813 1354 2839 et
1376 2805 1576 2841 Casinensis
1599 2809 1707 2842 abbas
1730 2809 1912 2842 ecclesiam
1943 2808 2066 2842 Sancti
2097 2807 2246 2842 Matthei

404 2856 449 2888 de
472 2856 623 2890 Castello
646 2867 714 2900 que
737 2858 867 2892 dicitus
889 2869 1068 2891 servorum
1091 2859 1157 2891 Dei
1180 2865 1277 2892 recto
1302 2861 1590 2894 considerationis
1614 2863 1716 2896 oculo
1739 2863 1914 2896 intuentes
1935 2863 2016 2905 quia
2041 2862 2138 2895 locus
2165 2861 2248 2895 reli·

403 2909 515 2952 gionis
537 2911 685 2950 videtur,
708 2918 742 2944 et
764 2913 955 2945 honestatis
977 2918 1012 2946 et
1034 2914 1161 2945 fratres
1182 2913 1231 2945 ibi
1254 2921 1507 2947 commorantes
1531 2915 1638 2958 digna
1660 2917 1735 2949 Deo
1758 2922 1841 2950 uota
1863 2916 1900 2948 in
1923 2916 2019 2948 atriis
2033 2916 2165 2949 Domus
2178 2915 2249 2949 Do-
2304 2912 2319 2949 ῘῙ

405 2963 486 2994 mini
509 2964 659 2997 reddere
683 2975 761 2997 cum
786 2966 959 3008 propheta
985 2972 1181 3004 cernuntur,
1204 2972 1242 2999 ut
1264 2966 1356 3000 idem
1381 2967 1478 3000 locus
1501 2968 1602 3002 sicuti
1624 2969 1870 3012 spiritualibus,
1895 2969 1946 3002 ita
1969 2969 2072 3002 etiam
2102 2968 2137 3002 in
2159 2974 2245 3002 tem·
2267 2967 2315 3002 4ί.

404 3016 579 3057 poralibus
600 3018 715 3050 ualeat
737 3029 876 3062 semper
900 3019 1031 3064 augeri,
1054 3019 1290 3062 possessiones
1313 3026 1348 3052 et
1371 3030 1428 3054 res
1453 3021 1575 3063 ipsius,
1605 3028 1641 3055 et
1671 3021 1780 3056 bonas
1809 3022 2034 3056 nihilominus
2065 3028 2248 3056 consuetu·
2304 3009 2320 3070 ’ἳῖῗ
