2320 3444
1268 1295 1306 1330 S.
1331 1296 1513 1339 Germano,
1536 1305 1560 1336 3
1573 1294 1649 1339 feb.
1673 1294 1768 1336 1186,
1789 1296 1859 1328 ind.
1883 1294 1948 1328 IV.

189 1381 315 1414 Pietro
337 1381 435 1414 abate
456 1380 496 1413 di
518 1379 766 1413 Montecassino
789 1379 878 1412 dona
899 1379 938 1411 ai
956 1377 1093 1411 monaci
1105 1377 1144 1410 di
1156 1375 1191 1410 S.
1208 1377 1333 1411 Pietro
1348 1377 1388 1409 di
1399 1375 1567 1409 Avellana
1582 1376 1614 1408 Ie
1635 1376 1724 1408 vesti
1743 1376 1880 1408 lasciate
1903 1375 1949 1407 da

61 1438 82 1485 'L
103 1434 275 1480 Rqffredo,
298 1433 372 1467 loro
393 1435 583 1479 preposito,
605 1432 908 1477 aggiungendovi
933 1432 1048 1465 alcuni
1074 1431 1208 1465 redditi
1234 1433 1301 1475 per
1331 1440 1456 1464 curare
1485 1430 1502 1462 i
1513 1429 1615 1474 frati
1641 1428 1793 1474 infermi,
1817 1429 1949 1473 purch&

60 1505 77 1532 3
105 1489 172 1522 essi
190 1499 210 1522 c
231 1488 248 1521 i
267 1488 340 1522 loro
362 1488 533 1521 osscrva‘no
556 1488 591 1521 la
612 1487 735 1531 regola
757 1486 995 1520 Benedettma.

192 1595 358 1630 Archivio
380 1596 421 1629 da·
439 1594 701 1630 Montecassino.
746 1595 806 1628 Ex
827 1594 953 1628 chartis
973 1593 1009 1628 S.
1034 1594 1141 1628 Petri
1160 1594 1202 1627 de
1223 1593 1400 1632 Avellana,
1425 1593 1525 1636 Caps.
1549 1602 1589 1625 12
1588 1601 1613 1633 3
1625 1590 1721 1636 fasc.
1744 1600 1778 1633 5,
1800 1602 1833 1624 n.
1856 1600 1911 1632 51.

68 1709 69 1712 ,
193 1677 234 1711 In
257 1676 397 1710 nomine
419 1676 558 1710 Domini
580 1676 690 1710 nostri
705 1674 809 1710 Anno
824 1674 1075 1709 incarnationis
1091 1675 1165 1708 eius
1178 1674 1359 1708 millesimo
1375 1674 1566 1707 centesimo
1582 1673 1795 1717 octogesimo
1811 1678 1920 1710 sexto,
1942 1671 1948 1714 1

67 1730 87 1771 ³1
103 1731 270 1767 uicesimo
293 1741 386 1764 anno
408 1731 509 1776 regni
531 1730 673 1763 Domini
697 1729 805 1763 nostri
828 1729 996 1763 Willelmi
1011 1729 1158 1762 secundi
1172 1728 1411 1772 gloriosissimi
1426 1727 1519 1771 regis
1534 1737 1652 1760 mense
1669 1726 1838 1760 februarii
1854 1735 1948 1759 nono

68 1784 164 1820 esne
185 1785 341 1819 eiusdem
356 1784 487 1818 mensis
502 1783 693 1817 indictione
715 1783 720 1826 Ι
739 1789 873 1827 quarta.
904 1782 1091 1816 Pastoralis
1105 1782 1208 1815 officii
1224 1792 1308 1815 cura
1323 1792 1387 1815 nos
1402 1782 1566 1815 admonet
1581 1780 1627 1814 ita
1643 1780 1808 1813 fratribus
1824 1779 1950 1813 nostris

74 1838 276 1884 31uniuersis
297 1837 495 1871 necessaria
516 1837 716 1880 prouidere,
739 1843 779 1870 ut
800 1837 844 1870 ab
864 1837 869 1879 1
890 1837 985 1871 omni
1008 1836 1191 1879 temporali
1214 1835 1452 1869 sollicitudine
1475 1835 1627 1878 ipsorum
1651 1834 1800 1867 intentio
1827 1833 1951 1873 libera,

83 1887 89 1916 ‚³
104 1892 187 1927 soiis
201 1891 438 1936 spiritualibus
451 1897 631 1925 auctorem
647 1892 758 1925 Deum
775 1892 962 1925 deseruiat.
985 1890 1257 1924 Considerantes
1276 1889 1282 1932 Ι
1303 1899 1386 1933 ergo
1401 1899 1464 1922 nos
1480 1889 1626 1922 Pis-mus
1642 1888 1707 1921 Dei
1723 1889 1834 1931 gratia
1850 1887 1950 1921 Casi-

103 1946 219 1980 nensis
240 1945 349 1979 abbas
371 1946 557 1984 defectum,
581 1955 684 1989 quem
707 1956 769 1978 uos
791 1946 916 1979 fratres
945 1944 1110 1978 monachi
1139 1942 1176 1977 S.
1200 1942 1295 1977 Petri
1327 1944 1371 1976 de
1402 1941 1575 1975 Auellana
1594 1942 1599 1984 Ι
1620 1942 1716 1975 circa
1746 1940 1951 1984 temporalia

83 2006 85 2011 ’
105 1999 294 2039 sustinetis,
315 2005 354 2032 ut
375 1997 509 2032 karitas
531 2004 648 2031 uestra
664 1999 761 2032 circa
775 1998 970 2042 spiritualia
985 1997 1180 2031 feruentior
1196 1997 1328 2035 existat,
1344 1997 1388 2030 de
1404 1996 1551 2030 fratrum
1566 2002 1760 2028 nostrorum
1777 2004 1952 2028 consensu

73 2059 76 2098 j
107 2052 285 2087 nobiscum
309 2051 472 2086 habendo
495 2052 695 2095 magistrum
717 2052 1005 2085 Bartholomeum
1028 2051 1180 2084 iudicem
1203 2056 1238 2084 et
1262 2051 1471 2084 aduocatum
1495 2049 1733 2088 Cannensem,
1757 2048 1803 2081 ad
1825 2058 1951 2091 preces

69 2115 245 2151 „quoque
268 2104 389 2139 dilecti
412 2105 473 2138 filii
496 2105 604 2139 nostri
627 2106 746 2139 fratris
767 2108 772 2145 Ι
792 2105 958 2139 Roffredi
983 2105 1067 2138 olim
1089 2104 1259 2148 prepositi
1290 2103 1411 2144 uestri,
1440 2103 1619 2136 statuimus
1649 2107 1686 2136 ut
1707 2102 1834 2135 amodo
1858 2107 1894 2134 et
1917 2101 1952 2133 in

75 2164 310 2203 perpetuum
325 2158 480 2193 habeatis
494 2169 558 2192 uos
573 2165 609 2192 et
624 2159 754 2202 posteri
769 2159 876 2192 uestri
892 2159 1008 2192 omnia
1022 2158 1227 2191 uestimenta
1247 2158 1252 2200 Ι
1273 2167 1340 2202 que
1354 2158 1390 2190 in
1406 2163 1517 2190 morte
1532 2167 1595 2190 sua
1610 2155 1778 2200 quicquid
1793 2155 1837 2188 de
1853 2155 1953 2188 uobis

69 2209 81 2263 ᾗ
109 2218 169 2247 aut
189 2212 338 2256 posteris
360 2212 486 2246 uestris
501 2212 663 2246 habuerit
677 2213 724 2246 ad
740 2213 970 2247 diuidendum
985 2223 1026 2245 ea
1042 2213 1133 2246 inter
1147 2222 1221 2252 uos,
1237 2212 1298 2256 qui
1313 2211 1517 2254 superstites
1537 2211 1542 2254 Ι
1564 2210 1668 2244 eritis.
1714 2209 1950 2253 Adiungimus

72 2269 84 2311 ς’
107 2266 154 2300 ad
174 2267 242 2300 hec
265 2277 328 2310 pro
350 2266 484 2300 solacio
507 2267 653 2300 fratrum
674 2267 890 2299 infirmorum
907 2266 1061 2299 eiusdem
1080 2265 1147 2298 loci
1163 2276 1207 2298 ne
1223 2265 1286 2298 sub
1301 2270 1463 2308 pretextu
1485 2263 1692 2297 infirmitatis
1715 2273 1850 2296 assuma
1869 2263 1875 2305 l
1895 2268 1951 2295 tur

12 2319 13 2322 ’
72 2353 79 2365 ,Α
109 2320 247 2354 occasio
267 2320 432 2365 uagandi,
454 2326 624 2364 quatenus
645 2320 803 2353 redditus
825 2320 1013 2353 feudorum
1037 2320 1082 2353 de
1105 2318 1304 2352 ramonibus
1326 2319 1371 2352 de
1402 2318 1588 2357 Uellacris‚
1618 2318 1663 2352 de
1695 2316 1893 2361 Sigenulfis‚
1916 2321 1950 2347 et

70 2371 95 2416 J
109 2373 154 2408 de
172 2373 179 2416 Ι
197 2373 298 2408 bonis
318 2373 357 2407 in
380 2374 486 2407 casali
515 2374 610 2418 quod
638 2374 765 2407 dicitur
786 2372 970 2413 Auellane,
1002 2379 1037 2407 et
1066 2374 1211 2407 duorum
1242 2372 1388 2406 aliorum
1419 2372 1607 2405 feudorum
1636 2371 1673 2404 in
1703 2370 1820 2409 casali,
1853 2369 1947 2413 quod

17 2471 18 2474 Ἴ
86 2420 101 2449 ⁴*
108 2424 240 2461 Ciuitas
263 2433 485 2470 nuncupatur
506 2427 542 2460 in
565 2427 758 2468 herbatico,
778 2426 783 2470 Ι
803 2427 1019 2472 glandatico,
1043 2426 1201 2460 exenniis
1224 2432 1260 2460 et
1282 2427 1369 2459 dans
1390 2425 1598 2459 annualibus
1613 2425 1659 2457 ad
1673 2434 1793 2456 manus
1814 2429 1949 2456 uestras

12 2516 16 2524 ,Ἰ
78 2475 154 2515 §de
175 2487 293 2516 cetero
316 2481 460 2525 singulis
483 2481 580 2514 annis
603 2481 793 2515 deueniant
815 2491 884 2515 con
903 2483 909 2520 1
929 2480 1090 2514 sumandi
1112 2490 1178 2524 pro
1199 2480 1343 2513 infirmis
1365 2479 1532 2513 fratribus
1547 2478 1698 2512 ecclesie
1721 2482 1846 2515 uestre,
1863 2486 1951 2519 quo-

12 2531 18 2539 ’“
77 2533 197 2579 sitiens
211 2534 261 2568 eis
275 2534 382 2567 fuerit
398 2540 641 2578 opportunum.
686 2534 740 2567 Ita
755 2540 873 2569 tamen
887 2540 927 2568 ut
949 2545 1013 2578 pro
1029 2534 1084 2567 his
1099 2539 1134 2567 et
1148 2533 1296 2576 amplius
1324 2533 1361 2566 in
1377 2532 1613 2576 spiritualibus
1633 2534 1638 2574 Ι
1658 2530 1825 2564 feruentia
1849 2534 1884 2562 et
1899 2539 1954 2562 re-

12 2635 14 2637 >
86 2600 89 2601 ’
99 2583 226 2633 gulam
247 2587 436 2621 beatissimi
447 2587 542 2621 Patri
558 2587 665 2622 nostri
677 2588 863 2622 Benedicti
877 2588 1018 2622 iuvante
1035 2586 1177 2621 domino
1193 2586 1313 2620 melius
1328 2586 1529 2624 observetis,
1544 2591 1582 2618 ut
1599 2591 1710 2618 autem
1724 2595 1744 2617 a
1760 2583 1860 2617 nobis
1880 2582 1886 2625 Ι
1915 2587 1951 2616 et

7 2654 22 2678 4
78 2641 369 2684 ’,ιιιοοεοοοτίὒιιε
390 2641 516 2674 nostris
539 2647 574 2674 et
594 2646 694 2685 parte
716 2641 915 2676 Casinensis
936 2641 1144 2680 monasterii,
1167 2641 1233 2674 hec
1249 2646 1368 2673 nostra
1382 2639 1585 2673 constitutio
1610 2639 1706 2671 firma
1728 2636 1826 2671 uobis
1840 2642 1875 2670 et
1889 2636 1953 2669 im-

7 2692 15 2723 f‘*
69 2689 86 2719 s
111 2699 204 2728 muta
222 2695 228 2738 Ι
247 2694 353 2728 bilis'
343 2705 379 2727 m
394 2700 600 2738 perpetuum
616 2701 852 2735 conseruetur,
867 2694 1237 2741 excommunicationis
1252 2693 1392 2727 uinculo
1408 2692 1612 2727 innodamus
1626 2702 1696 2730 eos,
1721 2691 1780 2735 qui
1797 2690 1951 2723 eiusdem

7 2749 21 2797 {fs
68 2745 86 2784 s
111 2753 228 2782 nostre
250 2747 482 2782 costitutionis
500 2747 507 2790 Ι
526 2747 660 2782 inuenti
689 2748 820 2782 fuerint
848 2754 1132 2792 transgressores.
1178 2746 1224 2780 Et
1253 2747 1368 2780 taliter
1399 2756 1462 2780 nos
1493 2745 1616 2779 Petrus
1645 2744 1712 2777 Dei
1741 2744 1854 2788 gratia
1882 2743 1953 2777 Ca-

68 2797 255 2845 sinensis
276 2800 384 2835 abbas
407 2801 452 2835 de
476 2802 625 2835 fratrum
647 2807 846 2836 nostrorum
865 2801 871 2844 Ι
892 2812 1064 2836 consensu
1078 2801 1257 2835 nobiscum
1272 2800 1436 2834 habendo
1459 2798 1730 2842 suprascriptum
1744 2797 1897 2830 iudicem
1916 2802 1952 2830 et

15 2887 23 2903 s
91 2853 319 2889 :aduocatum
341 2855 491 2899 qualiter
511 2855 614 2889 nobis
635 2865 826 2900 congruum
848 2855 916 2888 fuit
938 2855 1100 2896 fecimus,
1120 2855 1125 2898 Ι
1146 2860 1180 2888 et
1201 2854 1266 2888 tibi
1281 2854 1462 2888 Riccardo
1478 2859 1595 2886 nostro
1611 2858 1648 2886 et
1669 2851 1817 2885 ciuitatis
1831 2850 1953 2885 Sancti

10 2923 23 2952 ;3
70 2913 83 2957 „¹
91 2939 102 2954 3„
113 2906 277 2942 Germani
297 2908 442 2952 publico
465 2909 602 2942 notario
625 2909 718 2942 hanc
740 2914 872 2942 cartam
887 2908 1042 2942 scribere
1058 2908 1268 2952 rogauimus.
1312 2906 1440 2941 Actum
1462 2907 1498 2939 in
1514 2905 1658 2940 ciuitate
1675 2905 1710 2939 S.
1729 2904 1895 2938 Germani
1917 2906 1925 2947 Ι
1942 2928 1951 2938 .

10 2955 16 2964 ⁴
199 2960 240 3004 ὦ
264 2961 340 3006 Ego
364 2962 423 3006 qui
444 2973 551 3006 supra
574 2962 699 2996 Petrus
720 2962 786 2995 Dei
809 2962 922 3007 gratia
943 2962 1144 2996 Casinensis
1167 2961 1275 2995 abbas

199 3014 242 3059 ᾖ
265 3015 344 3060 Ego.
365 3017 531 3050 sacerdos
552 3015 718 3050 Matheus
740 3015 941 3050 Casinensis
964 3015 1119 3050 decanus
