2320 3444
125 241 179 279 [A.
203 242 300 279 ¹²¹⁶]
909 241 1187 278 CHRONICA
1917 242 1964 282 75
2013 254 2088 280 Mum,
2104 261 2124 275 c.
2140 261 2182 281 990

124 368 140 386 ⁸
153 379 262 414 usque
284 369 373 403 adeo
395 376 511 404 tamen
525 371 762 405 inscrutabilia
776 379 854 406 sunt
872 373 963 407 iudi-

60 454 61 457 ,
125 423 211 456 “cia
233 429 270 457 et
290 423 551 468 inuestigabiles
572 425 630 457 uie
654 425 742 466 eius,
765 436 833 469 que
849 433 964 460 tamen

63 479 65 481 '
125 477 289 519 “semper
311 476 398 510 mira
419 483 498 510 sunt
521 483 556 510 et
585 478 725 518 ueritas,
755 479 850 522 quod
879 480 965 513 defi-

50 521 66 534 ⁵
121 529 137 547 ⁸
152 529 249 562 ciunt
270 535 463 563 scrutantes
484 531 695 571 scrutinium,
718 538 754 565 et
776 532 964 577 inuestiga-

51 588 71 614 «1
123 584 139 601 “
151 588 244 615 tores
260 583 448 616 maiestatis
460 594 481 616 a
492 583 604 628 gloria
616 585 866 628 opprimuntur,
883 586 966 630 quia

123 636 246 668 “Deus
269 635 502 669 consiliarium
525 648 595 670 non
617 637 812 671 admictens
835 639 965 671 exalta·-

121 687 136 706 “
151 695 221 727 tur;
253 689 394 723 homine
429 691 638 724 ascendente
669 691 715 723 ad
749 701 810 724 cor
844 692 963 725 altum.

123 743 138 760 ⁸
152 740 249 780 Quin
273 742 378 775 etiam
400 743 531 776 homini
554 753 685 782 eorum,
710 745 770 788 qui
792 744 857 777 sub
887 745 964 778 celo

58 799 62 806 ’
123 795 230 829 “sunt
260 795 417 829 inuenire
447 805 518 829 non
547 796 672 830 sufficit
701 797 881 837 rationem,
912 803 965 831 set

59 867 61 870 .
122 850 250 882 “tanto
273 849 384 881 minus
406 849 563 882 inueniet
585 855 716 892 quanto
733 849 810 893 plus
825 850 963 883 labora-

60 902 62 905 '
122 901 241 934 ‘uerit
271 902 316 934 ad
352 902 575 945 querendum.
621 902 727 936 Unde
758 913 838 936 cum
871 905 962 938 scire

119 954 134 971 ⁸
149 954 305 994 sufficiat,
327 956 490 998 quoniam
512 966 555 987 ex
585 955 660 998 ipso
691 962 727 989 et
757 967 821 999 per
850 957 962 1000 ipsum

121 1009 185 1041 “et
207 1018 272 1052 pro
296 1008 372 1051 ipso
395 1014 475 1042 sunt
505 1009 631 1048 omnia,
662 1009 772 1042 nichil
802 1010 839 1042 in
870 1016 963 1044 terra

121 1061 138 1078 ⁴
148 1061 316 1104 permittit
337 1061 413 1093 fieri
435 1061 512 1094 sine
528 1072 643 1101 causa,
659 1068 820 1096 creatura
835 1064 872 1096 in
889 1064 961 1096 lau-

121 1113 253 1147 “dibus
286 1113 391 1148 debet
420 1125 603 1159 assurgere
635 1116 814 1156 creatoris,
844 1122 883 1149 ut
918 1118 962 1151 de

119 1168 323 1210 “perceptis
352 1167 536 1201 beneficiis
564 1170 694 1213 gratias
723 1170 894 1203 exhibens
917 1170 962 1204 ab

119 1221 188 1253 “eo
210 1221 349 1263 potiora
371 1231 506 1255 sumere
528 1228 712 1263 mereatur,
736 1223 796 1267 qui
820 1224 962 1263 maiora,

119 1274 135 1292 ‘⁴
147 1284 250 1317 quam
272 1274 358 1314 eius,
385 1274 518 1320 (quam)
532 1275 676 1320 exigant
690 1277 813 1311 merita
826 1279 963 1320 premia

119 1327 326 1372 “elargitum
351 1328 442 1362 Sane
469 1330 600 1363 factum
631 1336 683 1363 est
711 1341 824 1374 nuper
845 1331 960 1365 a'Do-

47 1394 49 1398 ⁴
117 1380 248 1419 “mino,
272 1386 309 1414 et
331 1382 489 1415 mirabile
511 1384 548 1416 in
563 1383 674 1417 oculis
689 1385 818 1417 nostris
833 1385 962 1424 existit,

55 1426 57 1429 ¹
118 1434 242 1478 ‘quod
264 1445 328 1468 nos
350 1435 498 1468 humiles
527 1436 698 1471 exaltauit
721 1443 757 1471 et
778 1438 894 1481 posuit
923 1439 960 1471 in

117 1486 297 1528 '‘sublimi,
327 1494 364 1521 et
387 1489 486 1532 quasi
517 1489 687 1523 minorem
719 1491 764 1524 de
794 1492 962 1525 fratribus

43 1573 44 1576 ,
117 1541 208 1574 “nos
230 1541 274 1575 de
297 1547 378 1584 post
406 1542 576 1576 festantes
606 1544 784 1587 accipiens
813 1555 960 1587 pascere

115 1593 130 1610 “
143 1593 252 1628 Iacob
273 1594 441 1638 populum
464 1606 562 1629 suum
586 1603 622 1631 et
650 1597 758 1630 Israel
786 1598 961 1632 heredita-

58 1655 67 1697 ’ί
117 1649 214 1681 “tem
245 1658 342 1680 suam
372 1659 477 1691 super
507 1656 629 1694 gentes
659 1657 694 1684 et
723 1661 832 1695 regna
862 1662 961 1684 suum

63 1725 65 1743 3
116 1700 312 1734 ‘uicarium
337 1707 372 1734 et
394 1702 490 1735 Petri
512 1713 759 1738 successorem.

64 1760 71 1797 2
204 1754 320 1788 “Cum
344 1755 448 1795 enim,
479 1757 666 1790 recolende
697 1759 865 1791 memorie
898 1758 959 1792 do-

51 1800 70 1846 ſs
116 1807 238 1841 ‘mino
279 1808 487 1843 Innocentio
522 1819 600 1843 xvu
638 1810 754 1845 kalen.
800 1811 959 1856 Augusti,

67 1894 70 1895 ⁷
116 1861 235 1895 “sicut
255 1861 404 1896 Domino
427 1863 572 1905 placuit,
596 1864 640 1898 de
664 1865 734 1899 hoc
749 1864 880 1899 mundo
897 1866 960 1898 mi-

59 1922 62 1926 ’
115 1915 265 1958 “grante
286 1915 324 1948 in
354 1917 549 1950 eternitatis
578 1918 692 1962 gloria
721 1919 959 1962 incorruptam

60 1987 62 1990 >
113 1969 326 2011 ‘recepturo
351 1979 526 2009 coronam,
550 1972 632 2014 quia
662 1972 754 2005 forte
785 1972 959 2006 incolatus

63 2031 66 2059 j
115 2021 216 2055 “eius
238 2033 317 2055 cum
340 2022 576 2057 habitantibus
600 2025 706 2058 cedar
726 2026 829 2059 nimis
843 2026 960 2060 fuerat

115 2076 131 2092 ‘⁸
141 2075 378 2119 prolongatus,
401 2077 459 2110 uel
474 2087 545 2111 non
561 2084 638 2113 erat
651 2078 800 2112 mundus
813 2080 960 2123 amplius

63 2145 65 2148 ⁴
115 2128 131 2146 ⁸
143 2138 186 2161 eo
209 2128 348 2173 dignus,
371 2129 516 2173 ipsoque
534 2132 693 2175 sequenti
710 2132 768 2165 die
784 2134 879 2176 apud
894 2133 961 2166 Pe-

115 2181 272 2214 “rusium
295 2192 374 2215 cum
404 2183 668 2218 honorificentia
699 2185 817 2219 debita
847 2192 960 2219 tumu-

66 2269 78 2282 ,-
114 2235 130 2253 ⁸
142 2234 225 2274 lato,
248 2246 312 2268 nos
334 2242 370 2269 et
383 2237 602 2271 uenerabiles
618 2239 744 2272 fratres
759 2240 869 2273 nostri
885 2240 958 2283 epi-

74 2282 77 2283 ⁷
97 2289 133 2318 υ·
144 2288 254 2331 scopi,
276 2289 460 2332 presbiteri
484 2297 520 2324 et
535 2292 714 2335 dyacones
730 2293 860 2327 sancte'
883 2294 958 2327 Ro-

113 2339 130 2359 ⁸
143 2351 244 2374 mane
268 2342 420 2376 ecclesie
445 2344 652 2384 cardinales,
676 2346 959 2381 conuenissemus

18 2383 19 2387 ¹
114 2392 130 2411 ⁸
141 2393 179 2427 in
193 2405 300 2428 unum
315 2395 406 2429 sicut
421 2397 527 2429 moris
543 2403 605 2436 est,
621 2398 666 2431 de
683 2399 854 2434 electione
870 2411 957 2443 pon-

66 2439 95 2495 3¹³
115 2447 245 2480 “tificiu
268 2449 486 2492 trac[ta]turi‚
517 2452 658 2484 tandem
688 2452 746 2486 die
777 2453 891 2492 tertio,
921 2454 957 2486 in

16 2494 20 2507 ¹
68 2509 80 2548 gs:
113 2498 128 2516 ⁸
142 2499 274 2534 honore
305 2503 417 2535 sancti
445 2503 594 2546 Spiritus
615 2505 795 2538 missarum
818 2507 956 2540 sollem-

16 2547 29 2595 ἱ]
115 2553 236 2597 “pniis
258 2555 456 2594 celebratis,
479 2556 635 2599 predicti
667 2559 793 2592 fratres
816 2559 851 2592 in
881 2570 956 2599 nos,

114 2607 130 2624 ⁸
142 2606 224 2640 licet
246 2607 446 2649 immeritos,
469 2620 550 2642 suos
565 2610 686 2644 oculos
700 2611 958 2647 inclinauerunt

16 2656 26 2695 ῗ
115 2659 354 2694 “electionem
378 2662 422 2695 de
447 2662 547 2695 nobis
569 2663 604 2695 in
627 2674 796 2698 summum
819 2666 957 2709 pontifi-

23 2722 29 2760 ¹.
115 2713 218 2746 ‘cem
241 2715 467 2748 concorditer
489 2723 524 2749 et
546 2717 755 2750 unanimiter
777 2718 956 2759 faciendo,

13 2765 27 2776 ”
75 2784 83 2791 -=
115 2765 191 2799 “ita
213 2767 308 2810 quod
330 2768 390 2801 ille
414 2769 505 2802 inter
527 2779 590 2802 nos
613 2770 768 2803 creditur
790 2771 956 2812 extitisse,

18 2845 29 2856 ,,
112 2817 129 2836 “
142 2820 204 2862 qui
225 2820 361 2854 faciens
383 2822 541 2856 habitare
565 2823 744 2856 unanimes
773 2824 811 2856 in
841 2825 956 2864 domo,

29 2886 33 2892 ·⁴
61 2885 82 2909 ;·
113 2871 349 2918 “ubicumque
372 2875 442 2909 duo
464 2876 522 2908 uel
545 2882 617 2909 tres
639 2876 676 2910 in
691 2877 799 2920 ipsius
814 2880 954 2914 nomine

196 2998 252 3028 8-00
271 3000 357 3026 homo
376 3008 484 3034 eorum,
503 3010 556 3036 que
575 3004 628 3028 sub
647 3004 709 3029 celo
729 3007 797 3031 nunt
815 3005 910 3033 GAvn.

1052 585 1069 618 5

1031 853 1069 884 10

1030 1118 1067 1151 15

1026 1388 1068 1420 20

1024 1655 1066 1688 25

1023 1924 1066 1956 30

1023 2190 1064 2223 35

1022 2459 1064 2491 40

1019 2726 1062 2759 45

1213 373 1292 407 Rex
1316 373 1509 417 Anglorum
1533 374 1620 408 obiit
1641 380 1677 407 et
1698 374 1788 407 filius
1812 375 1885 407 eius
1907 385 1963 408 co·
1997 374 2114 423 ‘'ff—„rx
2123 375 2204 400 Λωί-

1125 432 1268 461 tonatur
1289 427 1325 459 in
1346 438 1475 472 regem.

1206 3018 1229 3037 1.
1248 3010 1307 3036 Rex
1328 3012 1443 3044 Angsse,
1462 3012 1548 3044 Uen„
1568 3013 1664 3038 Pnnrz
1684 3023 1698 3038 e
1716 3013 1813 3040 GAun.
