2320 3444
176 242 255 267 Mun..
270 248 290 263 c.
305 243 344 268 98⁴
395 233 441 268 34

387 370 439 398 rat
455 364 511 397 die
534 364 659 397 Sancto
683 363 773 396 Iouis
794 361 1010 404 [confirmat]‚
1033 360 1095 393 sub
1118 360 1223 393 inter-

387 417 480 450 dicto
511 426 642 459 ponens
668 415 849 448 ecclesiam
871 414 1070 456 Capuanam
1093 423 1157 456 pro
1180 423 1222 445 eo

388 471 481 513 quod
504 469 666 502 canonici
688 469 863 501 celebrare
886 467 960 500 ausi
976 472 1054 499 sunt
1074 466 1223 509 impera-

385 524 452 556 tori
470 529 641 565 presente.
686 522 762 554 Hoc
779 531 869 554 anno
885 520 1083 553 Adenulfus
1098 519 1222 552 Caser-

385 583 484 610 tanus
499 577 534 608 in
557 575 716 608 abbatem
738 575 959 607 Casinensem
983 573 1114 606 electus
1137 579 1189 605 est
1202 572 1222 605 ¹.

385 630 506 662 Dictus
528 630 724 672 imperator,
748 639 826 660 cum
842 628 918 660 fere
934 632 1042 659 totam
1058 625 1220 668 Apuliam

385 684 449 716 sibi
462 683 673 726 subiugasset
683 687 716 713 et
728 687 863 723 pararet
874 681 1003 713 intrare
1016 678 1222 717 Calabriam,

386 736 528 769 audiens
544 735 635 779 quod
651 735 790 778 quidam
805 733 841 766 in
856 733 1030 765 Teutonia
1045 732 1223 774 principes

385 788 451 822 sibi
474 788 634 821 mandato
658 787 848 830 apostolico
867 785 1134 825 rebellauerant,
1149 785 1221 818 Re-

385 852 488 885 gnum
506 851 622 873 mense
640 839 846 873 Nouembris
862 839 943 871 anni
958 838 1114 881 preteriti
1126 838 1222 870 festi-

385 906 448 927 nus
459 894 678 938 eggrediens‚
690 903 806 925 mense
819 891 940 925 Martii
952 893 986 924 in
1003 892 1221 924 Alemaniam

385 948 550 979 remeauit
561 947 583 980 ³.
629 946 763 979 Eodem
787 956 877 979 anno
907 945 1116 978 Fredericus
1150 955 1221 983 rex,

384 1011 492 1033 uxore
530 1006 566 1033 et
599 1000 668 1033 filio
703 999 865 1032 Panormi
899 999 1042 1043 relictis,
1080 998 1221 1041 nauigio

385 1060 504 1087 uectus
528 1065 547 1086 a
570 1053 756 1091 Gaietanis‚
780 1054 874 1085 circa
889 1053 1014 1085 festum
1029 1052 1139 1085 sancti
1155 1052 1221 1084 Be-

383 1107 516 1140 nedicti
539 1108 695 1140 Gaietam
711 1106 914 1149 applicauit:
931 1106 989 1139 ubi
1006 1116 1109 1138 causa
1125 1105 1221 1148 quie-

384 1161 427 1193 tis
449 1171 512 1203 per
535 1161 665 1204 aliquot
687 1161 760 1194 dies
775 1170 904 1192 moram
922 1160 1055 1192 faciens
1066 1159 1089 1198 ³,
1106 1169 1221 1191 comes

384 1214 580 1247 Riccardus
603 1214 647 1246 de
677 1213 806 1256 Aquila
836 1219 871 1246 et
901 1213 985 1246 dicti
1016 1212 1145 1245 domini
1177 1213 1221 1244 de

384 1266 523 1309 Aquino
546 1268 592 1299 ad
616 1277 692 1299 eum
715 1268 856 1300 uadunt.
903 1266 992 1299 Nam
1013 1266 1081 1298 illis
1101 1266 1222 1298 diebus

384 1319 479 1353 dicto
502 1320 617 1353 comiti
642 1320 821 1353 Riccardo
845 1320 934 1352 filius
957 1320 1030 1352 eius
1046 1319 1222 1363 Rogerius

386 1383 462 1405 cum
486 1379 576 1406 esset
597 1373 631 1405 iu
655 1372 790 1411 Suessa,
805 1374 841 1405 in
857 1378 990 1415 partem
1005 1372 1222 1415 imperatoris

385 1437 421 1459 se
445 1427 642 1464 conferens,
664 1426 905 1465 rebellauerat‚
930 1426 1031 1469 eique
1048 1425 1222 1464 Suessam,

384 1490 522 1512 roccam
545 1480 726 1518 Draconis,
749 1478 901 1522 Sugium,
925 1479 1081 1512 Teanum
1106 1479 1221 1512 abstu-

386 1533 473 1565 lerat
495 1539 529 1566 et
550 1533 761 1565 Traiectum.
807 1532 887 1565 Rex
909 1532 982 1575 ipse
1010 1531 1054 1565 ad
1084 1533 1221 1575 petitio-

385 1596 462 1619 nem
494 1586 669 1618 hominum
702 1596 805 1619 rocce
835 1586 963 1619 Bantre
994 1586 1219 1619 castellanum

385 1639 497 1672 mictit
526 1641 572 1672 ad
602 1650 738 1673 roccam
769 1640 875 1682 ipsam
908 1640 1096 1673 Iohannem
1129 1641 1221 1673 Rus-

383 1704 456 1725 sum
479 1694 590 1726 ciuem
616 1699 650 1726 et
672 1694 814 1726 militem
839 1694 1061 1728 Gaietanum:
1086 1700 1122 1727 et
1137 1700 1220 1726 tunc

383 1758 404 1779 a
427 1747 550 1780 Gaieta
572 1747 768 1788 discedens,
790 1758 853 1789 per
875 1758 968 1780 mare
983 1748 1077 1781 uadit
1093 1748 1137 1781 ad
1152 1748 1220 1781 Ur-

383 1800 472 1839 bem,
506 1801 565 1833 ubi
599 1801 643 1833 ab
673 1801 877 1834 Innocentio
907 1813 998 1844 papa
1033 1808 1066 1835 et
1097 1802 1220 1835 ceteris

383 1853 626 1893 cardinalibus,
663 1860 785 1887 senatu
822 1855 1019 1899 populoque
1057 1855 1220 1888 Romano

382 1906 512 1950 ingenti
535 1918 613 1939 cum
636 1908 762 1951 gaudio
781 1913 832 1940 est
847 1915 1020 1951 receptus.
1044 1908 1103 1941 Ad
1118 1919 1218 1951 quem

383 1961 512 1992 uadens
535 1960 648 1993 dictus
671 1960 892 2003 S[tephanus]
916 1961 1149 1995 camerarius⁴
1180 1962 1220 1993 li-

383 2019 494 2046 cteras
527 2014 726 2057 impetrauit
756 2015 802 2047 ad
834 2015 1085 2058 castell[an]um
1111 2025 1218 2048 rocce

472 2157 497 2181 4.
521 2149 708 2182 Adenulphus
731 2149 825 2175 GAun.
851 2164 883 2169 —
910 2149 950 2175 18.
977 2152 1007 2175 in
1033 2151 1095 2175 illis
1121 2151 1220 2176 diebus

385 2191 479 2219 GAun.
499 2208 531 2213 —
551 2200 594 2226 24.
612 2194 729 2218 Brantre
747 2195 810 2219 Cael.

472 2295 480 2310 ¹
500 2297 630 2329 Neppure
649 2297 848 2322 dall’Anom'mo
867 2298 1004 2323 Cassinese
1023 2298 1230 2331 apprendiamo
1250 2298 1271 2323 il

386 2346 457 2362 mese
476 2346 490 2362 e
510 2339 530 2363 il
549 2340 653 2371 giorno
673 2339 868 2364 dell'elezione
887 2341 917 2364 di
936 2342 1036 2372 questo
1050 2341 1199 2365 Adenolfo
1219 2340 1273 2366 Ca-

385 2382 507 2405 sertano.
543 2380 571 2405 Si
592 2380 648 2413 pub
673 2382 792 2411 credere,
816 2389 894 2407 come
917 2390 1004 2415 pensa
1024 2383 1212 2413 1ἸΝ6οΑΝΕΖ,
1231 2387 1271 2414 op.

384 2423 438 2451 cit„
457 2431 484 2455 p.
503 2423 562 2455 418.
583 2425 634 2448 che
654 2431 713 2448 essa
737 2425 780 2449 sia
805 2427 947 2450 avvenuta
972 2425 1048 2459 dopo
1072 2425 1094 2450 il
1114 2432 1146 2458 31
1176 2432 1272 2451 marzo

387 2470 462 2494 1211,
482 2466 596 2497 quando
616 2466 646 2490 su
666 2468 862 2491 scomunicato
881 2468 916 2492 da
933 2467 1097 2492 Innocenzo
1122 2468 1163 2493 111
1188 2467 1274 2493 Otto-

387 2514 421 2531 ne
439 2507 487 2532 1v.
524 2507 610 2532 Certo
629 2507 644 2533 ὲ
663 2509 712 2533 che
731 2509 760 2533 lo
780 2511 869 2534 stesso
888 2517 962 2543 papa
980 2511 1011 2535 in
1025 2517 1081 2535 una
1101 2518 1150 2535 sua
1170 2511 1273 2536 lettera

385 2549 489 2574 diretta
508 2550 535 2574 al
556 2550 662 2575 decano
682 2559 696 2575 e
714 2552 741 2575 al
762 2554 923 2577 monastero
942 2553 973 2577 di
993 2552 1207 2577 Montecassino
1226 2552 1272 2578 del

383 2600 399 2623 4
417 2593 534 2624 giugno,
555 2594 726 2618 ammonisce
751 2594 763 2618 1
788 2595 899 2619 monaci
926 2595 956 2619 di
982 2602 1040 2620 non
1067 2595 1164 2620 venire
1189 2603 1273 2620 meno

385 2633 609 2659 all'obbedienza
634 2637 800 2665 monastica,
826 2638 933 2661 mentre
958 2637 986 2661 la
1011 2637 1099 2662 Curia
1126 2637 1274 2671 pontificia

386 2674 539 2708 indaghera
558 2677 632 2709 sugli
650 2678 705 2702 atti
724 2685 738 2702 e
757 2678 831 2703 sulla
848 2686 968 2712 persona
987 2679 1137 2704 dell’abate
1156 2679 1192 2704 da
1210 2680 1274 2704 loro

384 2717 485 2747 eletto;
499 2719 535 2743 cf.
548 2719 675 2744 ΒὸΗΜιῑκ
687 2727 751 2749 ecc.,
766 2728 793 2745 n.
807 2719 891 2750 6102:
907 2721 1075 2752 Po'r‘rrmsr,
1089 2730 1114 2746 n.
1130 2721 1208 2754 4261.
1233 2721 1274 2746 La

385 2760 528 2784 conferma
546 2761 695 2794 pontificia
713 2762 908 2787 dell’elezlone
927 2763 1105 2793 d’Atenoffo,
1119 2771 1198 2788 come
1211 2763 1274 2788 dice

328 2808 356 2833 15
386 2801 414 2824 lo
434 2803 521 2825 stesso
539 2801 581 2831 R..
601 2810 727 2828 avvenne
752 2811 768 2828 a
786 2804 873 2836 Segni
892 2805 938 2829 nel
960 2810 1027 2829 1212
1051 2805 1105 2837 (24,
1130 2805 1180 2837 VI)
1199 2804 1212 2818 ⁸
1225 2813 1274 2837 per

386 2844 399 2857 ‘⁸
410 2845 525 2876 urgente
546 2845 683 2870 necessit}⁴
695 2862 718 2876 ,.

472 2883 483 2899 ²
501 2885 524 2910 Il
545 2886 657 2911 ritorno
683 2887 821 2912 d'Ottone
845 2888 884 2913 IV
911 2890 940 2913 in
966 2887 1121 2913 Germania
1142 2895 1274 2914 avvenne

390 2926 489 2951 “circa
514 2929 783 2961 quadragesimam„
813 2931 857 2955 del
881 2937 955 2960 1212,
975 2940 989 2956 e
1016 2930 1070 2956 “ln
1096 2932 1199 2964 palmis
1226 2930 1272 2965 (18

387 2968 400 2982 ‘⁴
410 2968 466 3001 111).
486 2971 558 3002 apud
577 2971 776 2997 Frankenvort
789 2974 895 2998 curiam
915 2973 1071 2999 celebravit
1082 2991 1106 3007 „‚
1121 2982 1200 2999 come
1214 2982 1273 3007 sap-

326 3016 360 3034 20
385 3011 481 3044 plamo
500 3012 576 3038 dalla
597 3014 716 3039 Cronaca
740 3016 821 3047 regia
847 3015 1009 3041 coloniensis
1035 3017 1065 3041 dl
1085 3016 1272 3046 Gonemuno.

326 2598 357 2615 10

1307 570 1326 602 5

1287 838 1326 869 10

1287 1104 1325 1137 15

1284 1374 1325 1405 20

1283 1640 1324 1674 25

1284 1910 1324 1942 30

1383 358 1773 391 excommunicationem
1796 358 1899 391 latam
1922 359 1957 391 in
1981 359 2157 400 Ottonem,
2180 369 2222 392 ac

1381 411 1455 443 eius
1477 421 1645 454 sequaces
1668 411 1860 444 confirmat.
2019 440 2022 444 .

1468 464 1547 497 Hoc
1569 475 1660 498 anno
1691 464 1890 498 Adenulfus
1922 466 2130 510 cognomine
2153 466 2223 500 Ca.-
2239 465 2294 512 (ᾖξ’
2306 476 2310 483 *

1381 523 1537 550 sertanus
1562 517 1597 549 in
1622 517 1782 551 abbatem
1806 518 2032 552 casinensem
2069 518 2295 566 eligitur-33⁴2·

1469 571 1593 604 Dictus
1616 571 1699 604 Otto
1722 582 1799 604 cum
1822 577 1929 605 totam
1953 572 2030 605 fere
2044 572 2110 606 sibi
2126 572 2224 617 Apu-

1381 624 1460 657 liam
1483 624 1706 667 subiagasset,
1723 625 1841 658 audito
1857 625 1952 669 quod
1975 625 2116 670 quidam
2138 625 2225 660 Ale·

1378 678 1515 711 mannie
1545 677 1720 721 principes
1743 677 1809 711 sibi
1832 678 2097 719 rebellauerant,
2127 691 2224 713 man-

1379 732 1462 764 dato
1498 730 1699 773 apostolico,
1730 731 1894 775 Regnum
1929 731 2085 766 fe'stinus
2119 737 2306 781 egfffl‘bss.

1379 785 1474 817 ditur
1496 794 1614 817 mense
1634 785 1852 825 Nouembris,
1869 791 1904 818 et
1919 796 2037 819 mense
2049 785 2170 820 Martii
2183 786 2307 834 ³¹²2ss

1380 836 1620 871 Alemanniam
1642 838 1820 871 remeauit.
2217 829 2307 888 ’,ω’

1469 891 1602 925 Eodem
1633 902 1751 925 mense
1775 891 1895 925 Martii
1925 892 2137 926 Fredericus
2158 904 2222 928 rex
2235 893 2303 931 m,

1379 943 1500 977 Sicilie
1524 945 1567 978 ab
1591 945 1798 979 Innocentio
1822 957 1914 989 papa
1943 951 2100 986 uocatus,
2125 947 2297 981 narni-⁷¹⁶⁹

1379 998 1437 1042 gio
1467 1004 1590 1031 uectus
1612 1010 1633 1031 a
1664 999 1853 1042 Gaietanis,
1890 1000 2023 1033 relictis
2059 999 2274 1050 Panormig,
2297 1038 2299 1040 ,

1379 1062 1485 1084 uxore
1509 1058 1545 1085 et
1573 1051 1656 1091 filio,
1689 1052 1848 1086 Gaietam
1878 1053 1986 1086 uenit.
2030 1053 2091 1088 Ad
2119 1065 2222 1099 quem
2301 1057 2303 1059 ’

1379 1105 1493 1138 dictus
1508 1106 1718 1149 Ryccardus
1740 1106 1785 1139 de
1807 1105 1937 1150 Aquila
1960 1107 2150 1141 Fundanus
2163 1117 2224 1142 co·

1379 1170 1462 1199 mes,
1478 1165 1514 1192 et
1535 1159 1698 1202 prephati
1715 1160 1846 1192 domini
1863 1161 1906 1194 de
1923 1160 2063 1204 Aquino
2078 1162 2222 1195 uadunt.

1379 1212 1482 1244 Tunc
1505 1223 1567 1246 rex
1576 1208 1656 1255 vipse
1674 1213 1719 1246 ad
1734 1213 1936 1256 petitionem
1953 1214 2131 1247 hominem
2145 1225 2224 1248 roc-

1380 1276 1421 1299 ce
1445 1266 1584 1304 Bantre‚
1608 1266 1668 1309 qui
1683 1273 1904 1300 accesserunt
1926 1267 1972 1300 ad
1987 1277 2076 1308 eum,
2097 1267 2223 1301 castel-

1380 1319 1495 1352 lanum
1518 1319 1624 1352 mittit
1647 1320 1835 1353 Iohannem
1851 1321 2003 1354 Russum
2026 1321 2138 1354 ciuem
2153 1321 2224 1355 Ga-

1379 1379 1541 1417 getanum
1557 1373 1702 1406 militem
1718 1384 1832 1412 suum3
1851 1380 1886 1407 et
1901 1385 1922 1407 a
1937 1374 2060 1408 Gaieta
2075 1373 2222 1409 descen-

1380 1427 1466 1459 dens
1487 1437 1551 1469 per
1572 1437 1667 1460 mare
1685 1428 1730 1460 ad
1749 1427 1877 1460 Urbem
1893 1428 2002 1467 uadit,
2018 1427 2077 1462 ubi
2093 1438 2114 1461 a
2127 1427 2267 1476 μεριξ,
2292 1457 2295 1459 ,

1380 1480 1585 1513 Innocentio
1609 1486 1643 1514 et
1672 1481 1799 1513 ceteris
1830 1480 2066 1514 cardinalibus
2088 1481 2296 1522 Senatu

1379 1534 1579 1577 populoque
1597 1535 1758 1567 Romano
1773 1535 1907 1579 ingenti
1923 1545 2002 1568 cum
2017 1535 2151 1568 honore
2165 1545 2222 1568 re·
2239 1535 2292 1560 2⁰·-

1381 1593 1502 1630 ceptus
1526 1594 1588 1620 est.
1633 1586 1691 1620 Ad
1709 1598 1810 1631 quern
1827 1588 1950 1621 missus
1965 1598 2009 1621 ex
2023 1594 2121 1631 parte
2137 1598 2222 1622 con-

1379 1647 1502 1673 uentus
1525 1640 1722 1683 Stephanus
1752 1647 1986 1684 cognomento
2012 1642 2057 1674 de
2081 1641 2222 1680 Mania,

1378 1700 1460 1727 tunc
1475 1694 1685 1727 camerarius
1707 1694 1915 1733 casinensis,
1938 1695 2102 1729 mandato
2125 1705 2220 1738 pape

1378 1748 1572 1781 Innocentii
1597 1748 1728 1781 litteras
1750 1753 1786 1781 et
1801 1749 1999 1782 mandatum
2022 1748 2224 1792 impetrauit

1380 1813 1400 1834 a
1428 1811 1511 1846 rege
1542 1802 1587 1834 ad
1617 1801 1840 1835 castellanum
1865 1812 1970 1835 rocce
1993 1802 2164 1845 predicte,
2187 1807 2225 1835 ut

1379 1866 1455 1888 eam
1485 1855 1680 1888 restitueret
1710 1856 1919 1888 monasterio
1943 1856 2134 1889 Casineusi.
2178 1855 2224 1889 Et
2319 1893 2320 1900 ἵ

1379 1914 1456 1951 post
1471 1909 1546 1941 dies
1569 1919 1698 1951 paucos
1719 1909 1764 1941 ab
1787 1909 1884 1942 Urbe
1908 1908 2118 1943 discendens
2139 1907 2288 1957 cum'j’f-
2316 1911 2319 1932 Γ

1379 1962 1523 1994 licentia
1552 1973 1641 2005 pape
1677 1969 1712 1996 et
1746 1962 1976 1996 cardinalium
2009 1973 2046 1996 se
2079 1963 2222 2008 nauigio
2276 1957 2287 1976 ³

1378 2015 1501 2059 recipit
1523 2021 1558 2049 et
1581 2016 1722 2048 Ianuam
1747 2017 1898 2050 feliciter
1919 2016 2116 2060 applicans3
2138 2017 2263 2064 indem
2315 2038 2317 2041 -

2243 572 2286 593 nia

2228 598 2301 625 ream

1469 2157 1510 2176 22.
1531 2159 1546 2175 a
1565 2152 1663 2175 ceteris
1683 2150 1878 2175 cardinalibus
1896 2151 2002 2182 Ρεκτῑ,
2021 2150 2116 2176 Gnm.
2131 2164 2164 2170 -
2177 2157 2222 2184 3²·

1378 2197 1481 2228 reciplt
1499 2196 1618 2220 Ianuam
1636 2195 1741 2227 Pam-z,
1763 2195 1864 2221 Grun.

1326 2306 1341 2323 e
1361 2299 1540 2329 Continuam»,
1559 2299 1600 2325 M.
1626 2300 1657 2324 G·
1676 2299 1711 2324 H.
1733 2299 1792 2329 SS„
1812 2298 1900 2328 XVII,
1919 2306 1967 2332 pp.
1986 2298 2047 2331 814.

1415 2339 1426 2357 ⁸
1445 2342 1497 2366 Nel
1517 2341 1573 2367 seb.
1595 2347 1672 2372 1212,
1697 2341 1843 2372 Federico‚
1868 2339 1917 2374 gia
1945 2341 2000 2366 “ln
2026 2340 2223 2367 Romanorum

1327 2382 1553 2417 “Imperatorem
1578 2383 1686 2408 electus
1696 2401 1720 2417 n,
1740 2383 1801 2408 ind.
1826 2391 1866 2408 xv
1890 2391 1937 2408 era
1963 2385 1993 2408 ln
2019 2383 2160 2413 Messinm
2186 2383 2223 2410 cf.

1326 2425 1452 2457 GARUFI,
1474 2427 1608 2459 Catalogo
1633 2426 1770 2451 illustrato
1789 2427 1835 2451 del
1858 2426 2006 2451 Tabularr'o
2024 2425 2055 2450 dn·
2073 2426 2102 2451 S.
2126 2426 2224 2452 Μανία
2271 2457 2275 2459 ‚

1326 2477 1413 2494 nuova
1432 2469 1463 2494 di
1474 2469 1624 2498 Manuale,
1638 2469 1695 2500 cit„
1711 2476 1738 2501 p.
1753 2475 1794 2500 41,
1815 2476 1842 2493 n.
1856 2467 1899 2500 87.
1936 2467 1966 2493 Si
1982 2469 2045 2492 not-1
2059 2467 2112 2493 che
2124 2469 2224 2501 questo
2250 2461 2280 2495 2?

1325 2509 1340 2536 ὲ
1359 2511 1381 2536 il
1401 2511 1495 2544 primo
1513 2511 1642 2543 diploma
1661 2511 1809 2536 rimastoci
1828 2511 1860 2535 in
1887 2512 1932 2535 cui
1958 2510 2096 2535 FederIeo
2115 2509 2223 2543 prende

1327 2553 1348 2577 il
1368 2554 1456 2578 titolo
1477 2553 1633 2587 imperiale.
1670 2552 1711 2578 La
1731 2553 1798 2578 data
1816 2554 1927 2586 precisa
1945 2552 1991 2577 del
2013 2552 2045 2577 dl
2063 2552 2105 2578 lul
2125 2553 2222 2578 arrivo
2276 2555 2278 2584 j

1327 2603 1342 2620 a
1362 2595 1452 2620 Gaeta
1472 2596 1494 2620 si
1522 2596 1634 2620 desume
1659 2595 1739 2627 dagli
1767 2595 1887 2620 Annales
1914 2595 2099 2624 Ceccanensaes,
2123 2595 2154 2619 ln
2180 2594 2223 2619 Μ.
2274 2627 2277 2630 Ι

1331 2638 1363 2662 G.
1389 2638 1425 2662 H.
1451 2638 1512 2667 SS..
1536 2637 1610 2667 XIX.
1636 2643 1700 2670 300:
1730 2637 1920 2662 “Fridericus
1944 2643 1994 2661 rex
2018 2635 2136 2662 Siciliae
2160 2636 2223 2662 sola
2272 2639 2277 2666 ζ

1329 2678 1550 2705 “misericordia
1570 2680 1623 2704 Dei
1645 2681 1764 2704 vocatus
1783 2679 1815 2704 in
1835 2679 2040 2704 Alamannlam
2052 2679 2159 2704 electus
2171 2678 2223 2704 Im·
2272 2692 2274 2696 ·

1329 2721 1477 2754 “perator,
1502 2722 1645 2754 atriplens
1670 2723 1725 2747 lter
1749 2722 1836 2747 eundi
1861 2721 2065 2746 Alamanniam
2089 2726 2142 2747 xvx
2165 2721 2222 2747 kal.
2269 2724 2271 2727 ⁴

1329 2763 1342 2777 ²
1354 2765 1458 2798 aprilis
1476 2765 1552 2797 quod
1579 2765 1635 2789 fuit
1654 2765 1773 2790 sabbato
1792 2764 1959 2797 palmarum,
1978 2763 2120 2796 applicuit
2138 2763 2222 2788 Gale·
2272 2770 2275 2774 '

1328 2806 1342 2819 “
1354 2809 1420 2837 tam,
1441 2807 1481 2831 ibi
1500 2807 1657 2832 honorifice
1676 2808 1803 2840 receptus
1816 2807 1844 2831 et
1857 2806 2038 2831 ministratus
2053 2805 2160 2831 mansit
2172 2812 2222 2839 per

1329 2848 1343 2862 “
1355 2856 1486 2879 mensem,
1505 2851 1604 2882 postea
1625 2850 1679 2874 ivit
1700 2849 1818 2874 Romam
1832 2867 1854 2882 ,.
1891 2848 1914 2873 11
1935 2849 2035 2873 sabato
2055 2848 2222 2881 precedente·

1326 2891 1354 2916 la
1373 2891 1523 2916 domenica
1537 2892 1611 2916 delle
1623 2892 1717 2925 palme
1730 2891 1817 2916 cadde
1830 2892 1961 2924 appunto
1981 2891 2027 2915 nel
2050 2896 2126 2922 1212,
2145 2889 2222 2915 neu·

1329 2933 1373 2958 16·
1391 2934 1447 2958 kal.
1467 2933 1598 2967 d’aere,
1618 2932 1680 2958 cioe
1701 2933 1721 2958 il
1744 2938 1775 2965 17
1795 2940 1904 2958 marzo.

1414 2974 1426 2991 ⁴
1445 2975 1563 3000 stefano
1584 2976 1756 3005 Marsicano,
1777 2983 1854 3000 come
1873 2975 1935 3000 dice
1954 2975 1984 3000 lo
2004 2977 2094 3000 stesso
2107 2974 2220 2999 Ricenr-
2266 2987 2270 3005 ς
2298 3008 2300 3012 v

1325 3017 1371 3047 do,
1390 3017 1420 3042 su
1441 3018 1590 3043 nominato
1610 3018 1775 3044 Camerario
1797 3017 1824 3042 di
1845 3017 2063 3042 Montecassino
2083 3016 2129 3041 nel
2150 3014 2220 3041 1208
2265 3018 2270 3027 '
