2320 3444
46 1086 52 1102 ·,
81 1077 128 1098 ,μιν

39 2711 99 2751 ’χιο

50 2929 55 2947 s
64 2938 97 2967 *¹⁵

139 199 194 236 [Α.
213 198 308 236 1222]

130 326 286 359 exercitu
307 331 371 366 est,
399 331 436 358 et
464 325 631 359 Celanum
661 330 758 358 extra
787 324 971 358 obsessum.

216 379 409 421 Imperator
423 378 460 411 in
482 377 603 411 Sicilia
619 379 663 411 de
679 377 873 411 Mirabecto
890 377 970 411 Sar-

68 432 80 481 ’μ
129 441 335 465 racenorum
374 432 465 465 duce
495 431 701 473 [uictoriam]
740 430 898 470 obtinuit,
937 435 971 462 et

67 484 83 519 ἶ,
129 491 199 518 tam
221 484 266 518 de
289 485 364 528 ipso
386 495 488 528 quam
511 484 556 517 de
579 485 648 517 suis
670 484 760 517 fecit
781 483 875 527 quod
898 495 969 515 me-

73 579 75 588 *
128 544 245 572 ruerat
268 539 443 582 exigentia
466 538 726 571 commissorum
741 537 763 570 ¹.

217 591 426 625 Acerrarum
443 602 562 624 comes
575 602 679 633 super
694 590 877 624 obsidione
893 600 968 622 roc-

129 656 171 680 ce
208 645 399 689 Magenulfi
436 645 633 678 reuertitur.
679 643 862 677 Comitissa
891 641 970 674 Mo-

129 698 198 732 lisii
211 698 235 738 ⁸,
258 708 326 742 que
349 699 386 730 in
410 708 515 731 rocca
538 698 615 740 ipsa
641 702 864 735 remanserat,
889 696 968 738 quia

126 762 166 784 se
189 752 316 784 diutius
338 757 456 785 tenere
480 760 551 783 non
580 755 716 793 poterat
741 759 819 782 cum
843 749 967 782 eodem

129 805 256 838 comite
280 806 382 838 finem
405 804 540 836 iaciens
563 813 627 846 pro
650 813 687 835 se
703 808 739 835 et
753 802 820 834 hiis
842 802 901 844 qui
917 812 969 834 se-

127 869 206 892 cum
229 864 339 896 erant,
361 863 511 900 accepta
532 857 721 890 securitate
745 855 790 888 de
812 855 968 897 personis

128 917 164 945 et
186 911 289 945 rebus
303 921 443 945 roccam
458 910 658 952 imperatori
679 908 843 942 reddidit.
889 908 967 943 Hoc

127 975 220 998 anno
231 965 428 998 Fundorum
445 964 570 997 ciuitas
581 973 663 996 casu
674 962 859 995 accidente
875 971 967 994 com-

128 1017 228 1052 busta
250 1025 301 1051 est
322 1027 441 1050 mense
464 1017 621 1060 Augusti.

215 1070 337 1104 Mense
350 1068 575 1113 Septembris'
586 1069 687 1102 stella
698 1075 849 1103 cometes
861 1079 966 1112 appa-

125 1126 204 1158 ruit.
248 1123 399 1158 Cassatis
412 1123 568 1165 t[areni]s
582 1123 682 1155 nouis
696 1121 883 1165 Amalphie
898 1132 968 1155 non

126 1178 193 1211 nisi
221 1188 285 1221 pro
315 1176 468 1210 denariis
497 1176 596 1209 nouis
625 1175 810 1209 Brundusii
821 1174 844 1208 ³.
901 1175 968 1208 Im-

125 1236 265 1275 perator
278 1231 348 1263 hoc
371 1240 462 1263 anno
485 1240 547 1262 sua
569 1235 698 1263 statuta
719 1240 783 1272 per
803 1229 967 1273 Regnum

124 1285 242 1329 dirigit
271 1284 420 1328 qualiter
448 1283 484 1316 in
505 1283 650 1327 singulis
680 1282 888 1320 ciuitatibus,
910 1293 967 1315 ca-

124 1338 232 1372 stellis
254 1345 289 1371 et
311 1337 400 1371 locis
433 1336 569 1380 singula
601 1336 830 1369 mercimonia
862 1336 968 1369 uendi

124 1391 276 1425 debeant
297 1391 489 1424 secundum
515 1390 694 1423 arbitrium
717 1400 778 1422 sex
799 1389 967 1422 bonorum

125 1445 302 1479 hominum
317 1443 386 1477 loci
402 1442 556 1477 fidelium
571 1442 770 1482 iuratorum,
786 1441 968 1486 generales

123 1508 230 1542 super
241 1497 308 1531 hoc
331 1497 478 1530 mictens
501 1497 640 1530 lieteras
650 1497 686 1529 in
703 1496 795 1529 hunc
810 1496 966 1529 modum:

216 1551 232 1568 ⁸
249 1551 456 1584 Fredericus
492 1550 561 1583 Dei
590 1550 702 1594 gratia
731 1549 968 1583 Romanorum

131 1606 146 1624 ⁸
156 1605 346 1648 imperator
365 1609 400 1638 et
413 1613 476 1637 rex
491 1603 613 1636 Sicilie
634 1603 803 1636 uniuersis
819 1614 839 1636 a
854 1602 968 1637 Cruce

129 1659 144 1676 ⁸
157 1658 303 1692 Ordeoli
324 1668 433 1701 usque
457 1657 503 1690 ad
525 1657 609 1690 fines
631 1657 747 1701 Regni
777 1657 970 1690 constitutis

127 1711 314 1746 “fidelibus
336 1710 408 1744 suis
428 1710 573 1755 gratiam
594 1721 689 1743 suam
710 1716 745 1743 et
767 1709 894 1743 bonam
907 1721 969 1744 uo-

129 1765 337 1799 “luntatem

215 1818 230 1835 ⁴⁶
246 1817 340 1857 Quia
361 1823 480 1851 nostra
503 1827 613 1860 nuper
635 1817 805 1851 serenitas
833 1817 968 1850 intelle-

129 1873 217 1911 “xit,
241 1872 336 1916 quod
366 1871 521 1904 uniuersi
555 1878 626 1905 tam
658 1882 830 1915 pauperes
864 1882 967 1915 quam

129 1926 145 1944 ⁴
157 1925 283 1959 diuites
298 1924 418 1958 fideles
434 1924 543 1957 nostri
557 1930 702 1968 propter
717 1930 858 1958 monete
875 1935 969 1958 cras-

94 1995 96 1998 *
130 1978 341 2012 “situdinem
369 1979 556 2021 dampnum
593 1989 664 2012 non
693 1978 868 2012 modicum
906 1989 968 2021 pa-

131 2034 146 2051 “
158 2032 290 2066 tiuntur
305 2032 342 2064 in
353 2031 552 2065 uendendis
562 2031 796 2065 mercimoniis
807 2037 842 2065 et
853 2042 971 2065 emen-

131 2085 224 2126 “dis‚
248 2095 291 2119 eo
313 2086 408 2130 quod
431 2085 555 2118 melius
583 2085 696 2118 torum
724 2095 787 2128 pro
809 2085 885 2118 istis
908 2086 970 2118 de-

214 2228 257 2255 16.
276 2229 387 2254 Amans
410 2229 474 2255 Cod.
497 2243 523 2247 -
546 2235 589 2262 24.
607 2236 742 2254 romanus
762 2229 826 2254 Cod-

215 2465 222 2482 ¹
243 2466 288 2492 Cf.
309 2475 335 2499 p.
357 2474 415 2496 102.
435 2475 463 2492 n.
485 2475 507 2492 ι.
542 2467 613 2493 Pare
632 2469 683 2494 che
703 2469 836 2494 l’ussedio
856 2469 884 2494 di
899 2469 973 2499 lato,
987 2469 1018 2494 in

125 2509 180 2535 Vni
199 2509 228 2535 dl
247 2509 368 2541 Mazara,
387 2511 430 2535 sin
449 2511 624 2536 cominclato
645 2512 691 2536 coi
716 2512 805 2544 primi
829 2511 875 2537 del
899 2514 1018 2545 giugno.

125 2552 150 2577 ll
168 2551 219 2586 plu
238 2554 336 2578 antico
356 2553 484 2586 diploma
504 2553 534 2578 di
552 2553 690 2579 Federico
709 2554 735 2579 11
753 2555 822 2580 dato
843 2555 898 2580 “in
918 2556 1018 2581 castris

127 2594 183 2620 “in
208 2595 364 2621 obsidione
387 2595 469 2627 lati„
495 2594 509 2621 ὲ
528 2596 573 2621 del
598 2604 613 2629 3
639 2595 686 2626 VI.
708 2602 789 2627 ¹²²²;
810 2597 846 2623 cf.
868 2598 900 2622 P.
925 2598 1018 2628 Kar-m,

130 2638 195 2663 otia
213 2638 398 2670 diplomatica,
412 2639 441 2663 in
454 2638 588 2665 Nachr.
602 2639 662 2663 der
675 2639 715 2664 K.
729 2638 936 2665 Gesellsch.
958 2641 1019 2665 der

125 2679 234 2706 wlss.
253 2688 292 2705 zu
311 2680 530 2714 Gottingem
548 2680 761 2707 Phil.-hist.
780 2681 922 2713 Klane,
942 2689 1018 2715 ¹903·

124 2721 190 2747 Hert
207 2728 232 2754 3,
252 2723 311 2753 cit„
329 2729 377 2755 pp.
391 2721 498 2754 284-86.
535 2721 610 2746 Flno
625 2722 652 2747 al
668 2722 700 2747 18
714 2722 788 2754 VIII,
801 2722 872 2748 duro
886 2723 1018 2748 l’assedio

124 2763 154 2788 di
173 2762 245 2793 Into,
264 2763 400 2793 Bonum,
420 2773 447 2789 n.
470 2771 543 2796 ¹403·
582 2764 604 2788 Il
630 2771 661 2788 10
680 2764 727 2795 lx.
752 2765 947 2798 l'imperatore
971 2773 1018 2791 era

123 2812 227 2832 ancora
248 2807 278 2830 ln
291 2805 477 2839 Calatatrasi,
491 2814 571 2832 come
584 2807 609 2831 si
622 2807 702 2838 legge
716 2807 762 2832 nel
777 2807 913 2833 mandato
927 2808 957 2832 dl
977 2809 1016 2833 lui

124 2847 152 2873 nl
171 2849 271 2874 nostro
291 2849 439 2878 Cronista;
466 2857 510 2874 ma
530 2849 540 2873 1
559 2849 690 2873 Saraceni
712 2849 740 2873 di
760 2849 823 2874 Isto
841 2857 930 2875 enno
949 2851 1018 2875 stati

124 2891 210 2921 vlntl,
227 2891 262 2916 ed
280 2898 328 2916 ers
348 2893 424 2917 stato
445 2892 585 2916 distrutto
605 2892 627 2916 11
647 2892 767 2916 castello
785 2893 815 2916 dl
829 2892 952 2924 Entella,
967 2893 1017 2918 che

124 2940 241 2966 soi-geva
260 2933 287 2958 al
308 2934 424 2967 disopra
444 2934 520 2959 della
541 2936 705 2967 montagna,
726 2934 751 2959 al
766 2935 812 2959 cui
827 2932 874 2968 ple
887 2941 981 2960 scon-re
995 2935 1017 2960 il

124 2974 205 3000 fiume
230 2977 387 3006 omonimo,
406 2984 421 3002 e
441 2976 513 3002 sulla
532 2976 615 3009 quale
635 2983 753 3010 sorgevs
773 2977 800 3002 la
819 2978 905 3009 torre,
924 2977 951 3002 la
969 2979 1016 3002 cul

918 192 1198 229 CHRONICA

1130 323 1324 367 Magenulfi
1345 323 1412 366 ipsi
1435 322 1552 355 comiti
1576 322 1621 354 ad
1643 332 1731 365 opus
1757 321 1977 364 Imperatoris

1129 376 1296 415 restituit3
1327 387 1394 420 que
1425 376 1582 409 funditus
1611 381 1730 418 postea
1760 381 1812 408 est
1844 385 1975 407 euersa.

1218 430 1296 463 Hoc
1319 440 1410 462 anno
1432 439 1549 462 mense
1576 428 1723 473 Augusti
1739 428 1909 461 Fundana
1926 428 1975 460 ci-

1129 483 1217 515 uitas
1239 493 1303 526 pro
1320 482 1440 515 maiori
1456 488 1568 524 parte,
1584 492 1666 514 casu
1681 481 1875 520 accidente,
1892 482 1972 524 igne

1130 543 1283 569 cremata
1306 543 1368 569 est.

1216 590 1337 623 Mense
1361 589 1574 632 Septembris
1604 589 1702 621 stella
1733 594 1885 622 cometes
1916 599 1977 630 ap-

1128 644 1255 686 paruit.

1216 697 1409 738 Imperator
1430 706 1493 728 sua
1515 702 1641 729 statuta
1663 707 1728 738 per
1744 696 1905 739 Regnum
1923 695 1973 727 di-

1127 750 1218 794 rigit,
1235 750 1383 792 qualiter
1397 749 1433 781 in
1451 749 1594 793 singulis
1609 749 1807 782 ciuitatibus
1824 748 1974 781 castellis

1036 803 1074 834 10
1127 809 1162 836 et
1184 803 1277 834 uillis
1299 802 1434 845 singula
1458 803 1683 835 mercimonia
1698 803 1805 835 uendi
1821 802 1974 835 debeant

1127 856 1172 889 ad
1189 856 1350 889 denarios
1366 867 1476 889 nouos
1499 855 1695 894 Brundusii,
1719 857 1862 889 cassatis
1885 863 1974 889 tare-

1127 910 1179 942 nis
1195 910 1294 942 nouis
1310 910 1498 952 Amalphie
1520 911 1615 942 iuxta
1630 910 1809 942 arbitrium
1827 921 1888 943 sex
1910 910 1973 942 bo-

1126 974 1250 996 norum
1266 964 1443 996 hominum
1459 964 1725 1006 uniuscuiusque
1741 969 1831 996 terre
1849 963 1894 996 ad
1906 963 1973 995 hoc

1127 1017 1332 1054 iuratorum;
1355 1022 1390 1048 et
1419 1027 1524 1060 super
1546 1018 1614 1048 hoc
1637 1016 1818 1060 generales
1840 1016 1973 1049 litteras

1036 1068 1073 1102 15
1127 1070 1238 1103 mittit.

1032 1338 1075 1370 20

1033 1604 1073 1637 25

1032 1874 1074 1905 30

1216 2236 1240 2255 2.
1260 2237 1313 2262 que
1333 2230 1463 2254 funditus
1476 2230 1575 2262 postea
1589 2230 1631 2254 est
1643 2235 1740 2252 eversa
1753 2228 1846 2253 scritto
1859 2229 1889 2252 al
1900 2235 1971 2251 mur-

1124 2275 1193 2308 ginae
1211 2283 1257 2300 con
1276 2275 1404 2300 ricluiamo
1420 2275 1498 2303 Cod.;
1512 2281 1565 2306 que
1580 2274 1710 2298 funditus
1722 2275 1776 2298 etc.
1790 2273 1877 2303 ripeta
1894 2272 1971 2296 Uen.

1127 2333 1163 2339 —
1180 2327 1206 2354 9.
1224 2319 1348 2352 qualiter
1366 2328 1416 2344 om.
1436 2318 1511 2344 UGu.
1531 2332 1563 2337 —
1587 2325 1627 2343 ιο.
1646 2319 1677 2342 ut
1695 2317 1811 2350 singula
1823 2316 1899 2342 UGn.

1073 2471 1158 2502 ports
1175 2477 1223 2494 era
1242 2470 1348 2494 situata
1368 2469 1409 2493 fra
1429 2469 1483 2493 due
1503 2468 1581 2500 rupi;
1601 2466 1638 2491 cf.
1657 2464 1784 2494 Gli-mm,
1805 2463 1967 2488 recensione

1074 2521 1089 2537 n
1108 2513 1139 2538 F.
1159 2513 1288 2542 Cmsssr,
1312 2513 1429 2540 Entella,
1449 2511 1473 2535 il
1487 2510 1600 2535 Crimisa
1614 2518 1627 2533 e
1640 2510 1668 2533 la
1682 2507 1820 2539 battaglia
1835 2506 1865 2530 di
1883 2506 1967 2530 Timo·

1073 2555 1154 2583 leone,
1174 2553 1274 2583 Roma,
1295 2559 1370 2585 1929,
1389 2552 1420 2577 ln
1447 2551 1552 2575 Aren.
1571 2549 1625 2574 St.
1644 2549 1727 2578 sie„
1746 2548 1781 2572 N.
1801 2547 1837 2578 S.‚
1857 2554 1903 2571 sn.
1923 2546 1967 2575 LI,

1073 2604 1100 2631 P·
1119 2602 1169 2628 445
1189 2603 1205 2621 θ
1225 2603 1264 2628 sg-
1432 2626 1433 2629 ,

1160 2637 1171 2654 ²
1191 2637 1337 2668 mnditia,
1358 2638 1458 2670 nlpote
1483 2636 1512 2660 di
1538 2635 1688 2659 Gualtiero
1714 2633 1742 2657 di
1769 2633 1905 2660 Brlenne·‚
1932 2630 1968 2654 cf.

1073 2681 1260 2713 E.Jm1so1‹‚
1281 2683 1322 2712 op.
1342 2680 1396 2710 cit.⁷
1416 2687 1441 2711 p.
1461 2685 1504 2710 41.

1162 2721 1172 2738 ³
1198 2722 1315 2747 Aboliti
1341 2722 1351 2746 i
1377 2723 1430 2746 tari
1458 2719 1602 2749 d’Amalfi,
1625 2718 1760 2742 Federico
1787 2718 1893 2747 impose
1919 2715 1968 2739 che

1072 2772 1203 2790 avesscro
1226 2766 1287 2790 solo
1308 2771 1390 2789 corso
1412 2764 1455 2788 nel
1478 2770 1564 2794 regno
1584 2762 1594 2785 i
1615 2760 1704 2785 nuovl
1724 2759 1823 2784 denari
1843 2759 1871 2782 di
1888 2758 1970 2781 Brin-

1073 2809 1139 2839 disi,
1159 2806 1222 2833 cloe
1235 2807 1262 2832 le
1276 2815 1368 2831 nuove
1385 2807 1498 2830 monete
1511 2805 1587 2828 dette
1602 2802 1754 2835 imperiali,
1769 2800 1969 2825 stabilendone

1074 2850 1095 2874 il
1114 2850 1222 2879 valore,
1241 2857 1255 2874 e
1282 2847 1440 2881 proibendo
1466 2847 1515 2870 che
1540 2845 1662 2869 d'allora
1688 2845 1718 2868 in
1745 2843 1793 2875 pol
1817 2842 1968 2866 s'usassero

1072 2893 1184 2918 bilance
1204 2892 1250 2916 nel
1270 2891 1405 2924 pubblico
1424 2889 1546 2918 cambio,
1566 2889 1644 2912 sotto
1660 2894 1731 2919 pens.
1745 2886 1820 2910 della
1834 2879 1968 2916 persona;

1073 2935 1120 2960 val
1140 2937 1248 2967 quanto
1269 2942 1284 2959 a
1304 2934 1364 2958 dire
1384 2931 1487 2964 ch‘egli
1507 2930 1585 2955 volle
1605 2930 1654 2954 che
1674 2929 1701 2953 la
1716 2930 1831 2952 moneta
1846 2934 1970 2952 corresse

1074 2985 1088 3002 a
1111 2977 1275 3004 numerario
1294 2984 1308 3000 e
1329 2983 1386 2999 non
1408 2972 1458 3008 piis
1478 2981 1492 2998 n
1513 2980 1589 3006 peso,
1609 2979 1689 2996 come
1710 2971 1754 2995 nel
1776 2971 1899 3003 passuto.

1997 2594 2030 2611 20

1997 2804 2027 2829 25
