2320 3444
213 2570 243 2588 10

211 2989 245 3009 20

358 1641 579 1685 [M⁰Cc⁰1X⁰1
607 1643 842 1686 [FJredericus
872 1653 936 1675 rex
965 1654 1110 1676 uxorem

270 1695 367 1729 duxit
388 1696 627 1729 Constantiam
649 1706 802 1729 sororem
832 1697 923 1741 regis
953 1696 1109 1740 Arrago-

269 1761 360 1783 num.
390 1749 448 1783 Ad
464 1761 566 1793 quem
582 1757 789 1784 memoratus
803 1750 909 1784 abbas
925 1750 1111 1784 Roffridus

268 1814 346 1836 cum
368 1803 565 1837 honorabili
586 1803 722 1837 insenio
738 1804 870 1837 dictum
894 1803 1110 1846 Stephanum

270 1857 494 1889 camerarium
516 1867 613 1889 suum
636 1857 778 1890 mictere
803 1857 1035 1899 disposuisset,
1050 1869 1109 1890 au-

269 1908 342 1942 dito
366 1910 459 1953 quod
482 1915 565 1943 tunc
588 1920 649 1942 rex
672 1910 748 1953 ipse
772 1910 935 1943 comitem
953 1909 1110 1954 Amphu-

270 1973 342 1994 sum
368 1963 411 1996 de
435 1963 561 1995 Rutis¹
585 1963 748 2005 eunte[m]
775 1964 820 1997 ad
851 1964 989 2006 nuptias
1019 1975 1109 2003 suas,

269 2015 411 2050 mictere
426 2017 630 2059 supersedit,
647 2016 802 2060 dictique
818 2017 972 2055 comites,
987 2016 1110 2050 Celani

360 2221 367 2237 ¹
387 2222 424 2247 Su
442 2223 455 2236 ⁸
467 2223 612 2253 Amfusus,
630 2223 757 2248 Aniusus
777 2224 809 2247 de
831 2223 932 2255 Roto„
951 2223 1010 2249 ch'e
1023 2225 1051 2249 la
1065 2225 1157 2251 forma

270 2264 320 2296 piis
338 2266 551 2290 comunemente
571 2266 648 2295 nota,
667 2266 704 2289 cs.
725 2273 751 2298 p.
774 2273 805 2298 19
825 2273 852 2291 n.
877 2274 901 2298 4.
938 2266 1003 2298 Egli
1029 2267 1075 2292 nel
1102 2268 1158 2293 seb.

273 2306 347 2336 1206.
366 2307 493 2331 Bonum
512 2315 576 2336 ecc„
597 2315 623 2332 n.
644 2307 702 2339 580,
720 2306 734 2332 ὲ
748 2308 877 2332 indicato
891 2315 969 2333 come
981 2316 1040 2334 uno
1059 2310 1104 2334 dei
1120 2311 1159 2334 fa-

271 2350 395 2382 migliari
416 2349 460 2374 del
475 2356 511 2380 re,
527 2350 670 2374 ricordato
684 2357 733 2382 per
746 2351 853 2383 servigi
867 2352 921 2375 resi
937 2351 1160 2385 all’irnperatore

270 2392 375 2424 Arrigo
395 2391 433 2416 VI
451 2399 466 2416 e
484 2392 543 2416 allo
562 2395 650 2417 stesso
670 2392 805 2418 Federico
829 2394 977 2423 faucinum
999 2394 1082 2419 “non
1108 2395 1159 2420 im-

271 2432 432 2458 umemores
457 2435 567 2467 accepti
592 2429 714 2466 servitii,
740 2436 813 2467 quod
841 2436 991 2468 magnifico
1016 2437 1160 2469 quondam

271 2475 462 2508 “imperatori
483 2477 560 2508 patri
579 2478 678 2502 nostro
697 2478 846 2502 universos
865 2478 948 2511 regni
967 2480 1160 2511 perveniendo

271 2518 284 2532 “
295 2518 396 2547 fideles,
417 2519 602 2544 laudabiliter
620 2520 786 2550 exhibuisti,
806 2521 984 2546 attendentes
998 2523 1085 2546 etiam
1098 2523 1160 2554 qui-

271 2559 284 2573 “
294 2561 344 2585 bus
364 2563 391 2586 te
404 2562 525 2594 periculi
544 2563 703 2594 exposuisti
716 2563 761 2587 his
773 2564 936 2588 teneritatis
950 2565 1047 2589 nostre
1060 2564 1160 2589 diebus

271 2603 284 2616 “
294 2611 345 2636 pro
366 2606 464 2628 nostra
477 2603 614 2629 fidelitate
628 2606 731 2630 tuenda
743 2622 750 2630 .
761 2624 766 2630 .
777 2622 784 2630 .
797 2623 834 2638 .„.
872 2605 917 2631 Cf.
938 2613 969 2630 su
983 2608 1082 2638 questo
1096 2606 1159 2633 doc.

269 2646 347 2670 edito
360 2646 407 2670 dal
426 2646 626 2671 Winkelmann
646 2648 672 2672 le
691 2649 784 2680 giuste
798 2650 995 2673 osservazioni
1014 2649 1060 2673 del
1080 2649 1157 2674 ΡΑο·

269 2693 352 2712 mcci
371 2688 448 2718 (vedi
468 2690 537 2713 nota
555 2691 710 2722 seguente),
729 2698 756 2722 p.
776 2697 800 2724 7,
821 2698 848 2715 n.
867 2698 892 2715 2.

356 2728 367 2745 ¹
380 2729 418 2754 Le
431 2731 580 2756 trattative
593 2733 621 2756 di
635 2733 734 2763 questo
747 2734 933 2757 matrimonio
948 2733 1061 2762 furono.
1081 2741 1159 2758 come

269 2768 283 2795 ὲ
297 2773 376 2799 noto,
390 2772 509 2797 inlziate
522 2781 535 2797 e
549 2773 683 2798 condotte
697 2775 732 2798 da
745 2774 907 2799 Innocenzo
920 2775 969 2806 111,
983 2782 1063 2799 come
1076 2776 1100 2800 si
1113 2776 1159 2800 de-

270 2819 346 2837 sume
365 2814 566 2845 specialmente
593 2815 707 2848 dall’ep.
734 2816 764 2840 di
783 2817 834 2847 lui,
853 2819 1003 2849 assegnata
1022 2817 1068 2841 dal
1088 2817 1160 2842 Por-

270 2861 372 2884 TnAsr,
387 2863 412 2880 n.
433 2855 510 2889 3306,
530 2858 556 2881 al
576 2863 656 2890 ²5·27
674 2858 760 2883 febbr.
783 2858 858 2888 1208,
877 2867 892 2884 e
906 2860 941 2884 da
954 2860 1081 2884 Bonnam
1094 2867 1159 2890 ecc„

271 2904 297 2921 n.
317 2896 396 2927 6608,
409 2898 434 2922 al
450 2897 482 2922 26
495 2899 562 2923 feb.:
585 2899 598 2913 ⁹
609 2901 669 2925 Tua
688 2901 793 2934 regalis
807 2903 946 2927 serenitas
960 2909 1017 2926 non
1033 2903 1159 2934 ignorat,

273 2939 418 2971 “qualiter
442 2947 524 2973 super
549 2943 667 2974 negotio
693 2944 874 2968 matrimonii
902 2945 976 2968 inter
1004 2943 1160 2976 (Constan-

274 2980 287 2994 “
298 2980 379 3014 tiam)
399 2984 473 3007 tuam
494 2991 618 3008 sororem
635 2987 663 3010 et
677 2985 854 3011 Fredericum
873 2994 965 3019 regem
979 2986 1079 3011 Sicine
1091 2995 1159 3012 con-

273 3022 286 3035 ⁴‘
298 3024 428 3050 sumandi
441 3025 595 3057 aliquando
610 3029 699 3052 tecum
713 3028 847 3053 fuerimus
858 3030 926 3053 viva
938 3036 1007 3054 voce
1017 3029 1109 3054 locuti
1129 3037 1160 3054 ac

723 229 1012 265 RYCCARDI
1039 229 1112 264 DE
1141 228 1360 264 SANCTO
1391 227 1668 263 GERMANO

1174 843 1213 875 10

1175 1109 1212 1142 15

1172 1379 1215 1411 20

1172 1698 1214 1732 25

1173 1968 1215 2000 30

1273 362 1288 378 “
1301 360 1402 393 nibus
1435 365 1551 392 autem
1585 369 1804 392 reseruamus
1836 359 1938 392 nobis
1970 360 2110 402 plenam

1272 415 1502 456 “potestatem
1526 412 1695 451 addendi,
1718 412 1910 453 minuendi,
1939 414 2110 453 mutandi,

1271 469 1286 485 “
1300 472 1335 501 et
1347 466 1561 504 declarandi,
1573 472 1677 509 prout
1689 465 1881 499 uiderimus
1896 467 2065 509 expedire
2078 491 2109 508 „-

1354 520 1458 553 Tunc
1480 519 1595 552 eidem
1618 529 1708 561 pape
1733 519 1917 562 Philippus
1939 529 2003 552 rex
2024 520 2110 554 Ale-

1194 574 1212 607 5
1266 573 1414 611 mannie‚
1430 578 1574 616 patruus
1590 572 1675 606 dicti
1691 572 1796 616 regis,
1813 583 1833 604 a
1848 573 1919 605 suis
1934 573 2111 607 nuntiatur

1267 636 1413 659 occisus.

1354 680 1457 712 Tunc
1492 679 1595 712 etiam
1629 684 1753 723 rogatu
1783 679 1879 712 Petri
1902 681 2111 724 cognomine

1267 733 1387 767 Contis
1410 732 1538 772 decani·
1566 732 1774 772 Casinensis,
1803 733 1878 776 ipse
1900 744 1994 777 papa
2017 735 2112 777 apud

1268 787 1435 820 Sanctum
1446 785 1589 819 Petrum
1601 786 1803 819 monasterii
1818 787 1854 819 in
1870 787 2006 830 capella
2023 787 2111 821 San-

1267 840 1314 874 cti
1331 839 1493 884 Nycolai,
1507 850 1603 873 aram
1619 840 1790 884 quandam
1801 841 1840 874 in
1850 842 2018 874 honorem
2029 842 2112 875 bea-

1266 900 1301 926 te
1325 893 1440 926 Marie
1464 891 1679 937 Magdalene
1703 895 1933 927 consecrauit.

1355 946 1478 979 Dictus
1499 957 1593 990 papa
1612 946 1736 980 relicta
1750 947 1814 980 sub
1838 947 1999 991 deposito
2012 954 2113 991 parte

1267 1000 1422 1033 thesauri
1445 999 1498 1032 sui
1522 1010 1592 1033 non
1615 1001 1755 1033 modica
1770 1000 1807 1032 in
1823 1002 2045 1042 monasterio,
2061 1002 2114 1036 di-

1267 1054 1332 1086 ctis
1356 1052 1540 1086 comitibus
1562 1053 1598 1086 in
1621 1063 1683 1086 sua
1713 1064 1793 1086 cum
1829 1054 1935 1097 ipsius
1969 1055 2114 1090 licentia

1267 1106 1502 1145 redeuntibus.
1525 1107 1600 1150 ipse
1624 1107 1669 1140 de
1691 1105 1825 1140 Sancto
1849 1108 2027 1142 Germano
2053 1109 2109 1144 di-

1267 1160 1400 1199 scessit,
1433 1165 1468 1192 et
1490 1171 1556 1203 per
1584 1159 1727 1193 Atinum
1754 1162 1821 1194 iter
1850 1161 1996 1201 faciens,
2019 1163 2115 1207 quod

1268 1213 1384 1247 dictus
1408 1213 1515 1247 abbas
1538 1213 1724 1247 Roffridus
1746 1214 1901 1255 tenebat,
1929 1214 2054 1249 Soram
2076 1227 2115 1250 se

1266 1267 1424 1307 contulit,
1435 1267 1588 1311 indeque
1599 1267 1635 1299 in
1647 1267 1871 1310 Campaniam
1883 1280 2044 1303 reuersus
2053 1275 2115 1304 eet.

1269 1321 1321 1354 Eo
1337 1331 1428 1353 anno
1446 1331 1564 1354 comes
1581 1321 1770 1354 Fundanus
1786 1332 1890 1364 supra
1905 1329 2115 1358 memoratus

1268 1374 1474 1407 auctoritate
1498 1374 1610 1407 fretus
1632 1380 1668 1407 et
1697 1375 1734 1407 ui
1761 1375 1898 1408 comitis
1924 1376 2114 1421 Dyopuldi,

1268 1428 1426 1471 Capuam
1460 1428 1597 1471 recipit,
1631 1438 1652 1460 a
1686 1426 1862 1471 Capuanis
1895 1435 2042 1463 uocatus
2078 1430 2116 1464 in

1269 1481 1389 1515 odium
1405 1482 1490 1515 dicti
1503 1481 1627 1514 Celani
1640 1482 1788 1522 comitis,
1801 1483 1899 1515 cuins
1914 1483 2004 1517 filius
2020 1484 2116 1530 Ray-

1269 1534 1393 1568 naldus
1414 1535 1523 1578 ipsius
1545 1535 1699 1569 ciuitatis
1720 1536 2005 1581 archiepiscopus
2027 1542 2114 1572 erat.

1356 1642 1543 1675 Millesimo
1566 1642 1719 1676 CC⁰IX⁰.
1744 1643 1955 1676 Fredericus
1976 1654 2039 1678 rex
2059 1643 2116 1678 Si-

1269 1695 1351 1729 cilie
1384 1706 1527 1729 uxorem
1563 1696 1662 1729 duxit
1692 1696 1929 1730 Constantiam
1959 1708 2115 1732 sororem

1268 1749 1362 1793 regis
1392 1748 1613 1793 Arragonum
1626 1749 1647 1782 ².
1694 1750 1816 1783 Dictus
1846 1749 1968 1784 Gelani
1998 1761 2115 1786 comes

1269 1803 1451 1836 castellum
1473 1803 1595 1846 Capue
1619 1803 1749 1847 recipit
1772 1814 1792 1836 a
1821 1803 1942 1837 Leone
1973 1803 2018 1838 de
2040 1804 2115 1838 An-

1270 1857 1347 1890 dria
1370 1856 1570 1898 castellano,
1583 1857 1649 1890 hoc
1662 1856 1732 1889 filio
1744 1857 1853 1900 ipsius
1869 1858 1965 1891 dicto
1980 1858 2116 1892 archie-

1269 1910 1416 1954 piscopo
1453 1916 1678 1952 procurante;
1710 1915 1746 1943 et
1776 1911 1890 1944 dictus
1927 1911 2117 1945 Fundanus

1270 1974 1398 2002 comes,
1421 1964 1480 2007 qui
1504 1963 1683 1996 castellum
1706 1964 1818 2007 ipsum
1840 1964 1984 1998 tenebat
1997 1966 2116 2000 obses-

1269 2028 1356 2057 sum,
1379 2022 1490 2050 metus
1512 2026 1618 2050 causa
1640 2017 1798 2060 Capuam
1820 2018 1905 2052 exiit
1916 2017 1939 2052 ⁸.

1358 2143 1382 2169 8.
1402 2142 1528 2169 ComItis
1545 2143 1622 2169 Uen.
1642 2153 1656 2168 e
1675 2143 1770 2170 Gmn.

1211 2225 1225 2239 ⁴¹
1237 2233 1301 2260 sepe
1321 2233 1369 2259 per
1389 2227 1502 2251 nostras
1521 2225 1637 2250 litteras
1656 2226 1686 2250 te
1705 2225 1852 2251 exhortati
1864 2243 1889 2251 ..
1901 2245 1906 2250 .
1918 2244 1924 2251 .
1936 2243 1961 2258 „.
1991 2226 2114 2253 Sull'nn.

1217 2275 1283 2300 1209
1303 2276 1382 2293 corne
1402 2268 1468 2293 data
1488 2268 1533 2293 del
1554 2269 1742 2292 matrimonio
1761 2275 1833 2293 sono
1853 2269 1990 2294 concordi
2015 2269 2042 2294 le
2060 2270 2115 2295 due

1214 2311 1360 2336 redazioni
1387 2311 1416 2335 di
1442 2309 1491 2339 R.;
1511 2311 1611 2343 questa
1636 2310 1702 2334 data
1727 2310 1871 2335 concorda
1897 2311 1975 2344 cogi!
1995 2311 2116 2338 Annales

1213 2354 1308 2385 Siculi,
1329 2354 1484 2385 Appendice
1511 2361 1526 2378 a
1549 2352 1683 2377 Goffredo
1703 2353 1866 2383 Malaterra,
1890 2353 1933 2378 ed.
1957 2353 2115 2384 Portum.

1214 2397 1272 2428 cit.²
1297 2404 1325 2429 p.
1352 2395 1414 2421 116:
1442 2396 1554 2420 “Anno
1584 2395 1707 2420 Domini
1726 2395 1850 2421 MCCIX
1874 2396 1986 2421 decimo
2010 2397 2114 2429 quinto

1214 2439 1226 2452 “
1238 2440 1344 2471 mensis
1362 2439 1477 2470 augusti
1504 2438 1673 2463 duodecime
1693 2437 1876 2469 indictionis,
1895 2438 2013 2464 domIna
2038 2438 2114 2465 Con-

1216 2480 1230 2494 “
1240 2482 1348 2505 stantia
1362 2481 1395 2505 de
1409 2480 1557 2513 Aragonia
1571 2479 1714 2512 applicuit
1726 2479 1913 2509 Panormum;
1933 2481 1961 2505 et
1981 2480 2113 2506 dominus

1215 2523 1229 2536 ‘⁴
1239 2531 1288 2548 rex
1301 2514 1464 2548 Fridericus
1478 2523 1509 2547 in
1523 2522 1623 2548 eodem
1637 2530 1732 2547 mense
1745 2522 1933 2555 desponsavit
1945 2530 2005 2548 eam
2017 2540 2042 2555 η.
2063 2522 2109 2548 Cf.

1213 2573 1282 2598 pure
1297 2565 1331 2590 G.
1343 2565 1502 2596 ΡΑοιυσοι,
1516 2566 1558 2590 La
1569 2565 1734 2598 giovinaezza
1748 2565 1778 2590 di
1796 2565 1927 2590 Federico
1947 2566 1983 2590 II
1997 2566 2028 2590 di
2046 2566 2114 2592 Sve-

1213 2608 1261 2633 via
1281 2616 1294 2632 ε
1323 2608 1335 2632 ι’
1345 2607 1491 2638 prodromi
1508 2609 1581 2633 della
1609 2615 1658 2632 sua
1676 2609 1744 2632 loeta
1771 2609 1813 2632 col
1832 2610 1947 2639 papate),
1976 2608 2006 2632 In
2031 2607 2111 2634 Atti

1214 2650 1309 2675 della
1323 2649 1356 2675 R.
1370 2649 1578 2675 Accademia
1592 2650 1627 2674 di
1640 2649 1784 2675 Sclenze
1796 2648 1942 2675 Lettere
1961 2650 1999 2674 ed
2019 2649 2112 2680 Atti,

1212 2692 1354 2723 Palermo,
1375 2698 1452 2724 1901,
1472 2692 1530 2717 vol.
1550 2691 1598 2723 VI,
1618 2699 1645 2725 p.
1658 2691 1683 2722 6,
1698 2700 1726 2717 n.
1747 2698 1770 2717 1.
1806 2691 1906 2716 Anche
1924 2692 1946 2716 il
1970 2692 2065 2717 Chron.
2079 2693 2112 2717 de

1212 2735 1291 2759 rebus
1310 2735 1431 2764 Siciliae,
1452 2735 1482 2759 in
1502 2733 1848 2766 Humano-Bussenius,
1869 2737 1910 2765 op.
1944 2734 1984 2764 it„
2003 2733 2024 2763 1,
2044 2733 2111 2768 893²

1216 2777 1300 2802 “....
1314 2779 1486 2809 procurante
1505 2778 1603 2801 eodem
1622 2777 1752 2802 Troiano
1771 2777 1906 2809 episcopo
1971 2776 2111 2801 cancella·

1215 2819 1230 2834 ¹‘
1240 2820 1294 2851 rIo,
1309 2819 1395 2844 duxlt
1414 2826 1532 2844 uxorem
1552 2819 1698 2844 dominam
1718 2819 1920 2844 Constantiam
1934 2819 2024 2844 filiam
2035 2819 2111 2852 regis

1214 2861 1413 2894 “Aragonum,
1435 2869 1488 2894 que
1516 2862 1607 2886 suerat
1632 2869 1706 2886 uxor
1730 2861 1874 2893 quondam
1899 2862 1960 2894 regi
1984 2862 2111 2894 Ungarie

1214 2903 1227 2917 ²
1240 2901 1416 2936 (Emerichi).
1454 2902 1545 2932 Quam
1560 2904 1645 2929 duxlt
1658 2905 1688 2928 in
1700 2903 1830 2928 Siciliam
1844 2911 1906 2928 cum
1921 2903 2018 2928 navali
2033 2911 2110 2928 exer—

1214 2945 1298 2969 “citu
1330 2945 1418 2969 frater
1449 2952 1515 2970 suus
1546 2952 1639 2970 comes
1670 2944 1825 2970 Provincie
1849 2952 1926 2969 anno
1952 2945 2027 2970 dom.
2052 2945 2110 2970 inc.

1216 2987 1229 3001 α
1241 2986 1363 3012 MCC1x
1380 2994 1475 3012 mense
1495 2989 1609 3020 augusti
1621 3004 1646 3013 ..
1658 3007 1663 3013 .
1675 3005 1716 3020 .‚,.

1302 3028 1312 3045 ³
1330 3029 1373 3055 La
1398 3030 1589 3056 restituzIone
1614 3030 1643 3055 di
1671 3030 1769 3063 Capua
1794 3030 1821 3055 al
1846 3032 1932 3055 conte
1955 3030 2054 3055 Pietro
2078 3029 2108 3054 di

1810 231 1895 267 [aa.
1916 233 2108 269 1208·1209]
2128 251 2131 255 .

2124 680 2178 702 m

2116 708 2191 733 linae

2125 739 2171 756 raa

2122 762 2179 783 Ala-

2116 794 2181 810 nan-

2133 821 2172 837 Μ·

2124 848 2178 864 Μ

2109 869 2192 918 m

2141 2357 2174 2385 ²5

2139 2573 2175 2600 30

2137 2781 2171 2809 ³5

2135 2995 2172 3022 40
