2320 3444
112 244 196 284 [ΑΛ.
216 247 414 281 1218-12191

903 238 1179 278 CHRONICA

2012 250 2087 275 Mun„
2103 255 2123 273 c.
2139 255 2177 275 99¹

113 373 327 418 signatorum
361 373 522 417 principe
561 379 596 406 et
629 373 745 406 multis
783 373 827 406 de
865 379 960 406 terra

111 427 224 461 sancti
238 427 422 460 Benedicti
437 433 472 460 et
487 426 562 459 aliis
577 436 682 459 cruce
696 426 838 470 signatis
853 437 874 458 a
890 426 959 460 Ga-

113 481 184 514 ieta
197 480 337 524 nauigio
359 479 662 514 transfretantibus
683 489 852 522 prospere
882 489 958 522 per-

113 540 284 567 uenerunt
312 532 448 572 Accon‚
478 532 538 565 ubi
569 533 687 566 audito
718 533 762 565 de
794 532 957 575 captione

111 587 228 627 turris,
243 597 326 620 mox
341 587 476 620 uadunt
499 586 630 629 absque
653 596 751 619 mora
774 585 834 627 [et]
866 585 958 628 peri-

115 640 196 674 culo
218 638 447 673 Damiatam1.

200 693 399 736 Diopuldus
428 693 587 736 prefatus
616 705 638 726 a
668 692 796 726 comite
827 691 958 725 Iacobo

113 747 157 781 de
188 747 320 781 Sancto
350 747 520 780 Seuerino
544 757 677 790 genero
700 757 761 779 suo
785 746 923 789 capitur
934 744 956 778 ².

112 801 236 834 Dictus
257 801 365 834 abbas
379 801 578 844 Stephanus
593 801 631 833 in
645 800 774 834 Casino
790 798 958 844 generale

113 855 304 897 capitulum
317 854 522 888 celebrauit.
555 853 758 887 Constantia
773 852 895 897 regina
906 853 959 885 Si-

114 908 195 941 cilie
217 909 254 941 in
277 907 523 941 Alamanniam
547 908 646 940 uadit
659 907 682 940 ³.

202 1228 428 1271 [MCCXIXJ.
474 1228 552 1261 Hoc
588 1237 680 1260 anno
714 1237 832 1260 mense
866 1227 956 1260 Iunii

114 1282 290 1316 Honorius
312 1292 405 1325 papa
427 1280 560 1314 Urbem
585 1281 720 1319 exiens,
750 1280 814 1313 iuit
843 1280 957 1313 Reate

114 1335 243 1380 ubique
272 1346 402 1369 moram
425 1335 561 1368 faciens
589 1345 699 1378 usque
726 1335 771 1367 ad
801 1344 955 1366 mensem

115 1389 288 1428 Octobris,
321 1389 404 1421 inde
434 1388 496 1421 iuit
527 1387 734 1427 Uiterbium,
757 1393 792 1421 et
815 1387 955 1420 tandem

114 1442 263 1476 Romam
293 1442 389 1485 apud
427 1440 594 1474 Sanctum
623 1441 763 1474 Petrum
794 1450 956 1474 reuersus

115 1495 199 1531 att
234 1496 280 1529 Et
303 1506 382 1529 cum
404 1501 547 1538 propter
577 1495 818 1529 Romanorum
850 1494 957 1527 mole-

114 1549 198 1584 stias
213 1549 263 1583 ibi
285 1560 360 1583 esse
376 1560 447 1583 non
463 1554 591 1592 posset.
607 1554 749 1582 coactus
764 1554 818 1582 est
838 1548 957 1581 Uiter-

115 1602 210 1636 bium
232 1613 401 1636 remeare.

201 1656 333 1690 Christi
344 1657 517 1690 exercitus
525 1656 666 1689 fluuium
677 1655 834 1689 Damiate
848 1661 958 1689 trans-

114 1715 220 1751 meat,
244 1716 285 1751 ,et
319 1710 432 1753 posita
461 1709 597 1743 ciuitati
627 1708 823 1748 obsidione,
853 1709 959 1742 artius

113 1774 191 1797 eam
213 1763 402 1808 impugnat,
425 1774 529 1807 quam
544 1763 696 1796 Domino
710 1763 866 1796 faciente
882 1768 960 1806 post

114 1817 256 1850 multam
286 1822 439 1860 stragem
469 1822 505 1850 et
535 1816 711 1860 sanguinis
741 1816 959 1856 effusionem,

115 1881 233 1904 mense
258 1870 467 1904 Nouembris
496 1870 532 1902 in
559 1870 682 1915 uigilia
704 1870 797 1904 beati
822 1871 960 1903 confes-

113 1924 202 1958 soria
223 1924 403 1958 Leonardi
425 1924 586 1966 optinuit,
617 1923 685 1957 hoc
716 1923 792 1967 ipso
816 1923 958 1957 domino

114 1976 305 2012 Albanensi
328 1978 495 2020 episcopo
510 1982 681 2011 nocturno
697 1983 851 2020 tempore
875 1987 958 2021 pru-

115 2032 240 2065 denter
275 2042 318 2064 ac
357 2031 503 2074 prouide
538 2037 746 2073 procurante
758 2030 780 2064 ⁵.
827 2031 960 2064 Ciuitas

114 2090 231 2118 autem
245 2085 322 2128 ipsa
343 2094 439 2123 auro,
455 2083 628 2126 lapidibus
644 2084 817 2126 pretiosis,
835 2083 959 2127 pannis

115 2137 247 2176 sericis,
261 2137 435 2180 rebusque
451 2137 590 2180 optimis
607 2137 752 2171 inuenta
770 2142 822 2170 est
844 2136 959 2180 plena,

210 2263 252 2290 18.
270 2264 319 2289 ubi
339 2263 435 2289 Gtmn.

62 2426 66 2427 ⁷
115 2407 165 2435 per
184 2401 280 2426 sedare
299 2402 373 2426 tutte
393 2400 419 2425 le
438 2400 581 2425 discordie
605 2402 684 2425 sorte
707 2401 735 2425 in
756 2400 884 2433 OrIente,
905 2409 920 2427 e
938 2409 1012 2435 poco

54 2449 61 2462 ⁵
116 2443 203 2477 dopo,
223 2444 243 2468 il
273 2449 303 2468 n
330 2442 390 2474 vn,
415 2442 457 2475 gli
480 2442 599 2468 affidava
623 2443 773 2468 l'inearlco
797 2444 825 2469 di
846 2446 1012 2478 proteggere

116 2486 199 2511 Alice
219 2486 330 2511 vedova
348 2486 393 2510 del
413 2493 443 2510 re
462 2485 490 2510 di
511 2484 602 2518 Cipro
619 2487 665 2510 coi
683 2486 758 2518 flg113
783 2487 821 2511 cf.
847 2486 1014 2512 Rufulum

117 2529 188 2554 Anu.
206 2531 268 2554 cccl.
288 2529 347 2558 cir„
366 2528 462 2553 ail’nn.
485 2527 552 2553 1218
562 2527 599 2559 91.
619 2534 633 2552 2
654 2535 669 2553 e
691 2527 731 2553 18.

205 2570 215 2588 ¹
233 2570 257 2596 11
280 2578 311 2604 ¹3
331 2570 403 2602 vm,
427 2570 494 2595 1218
514 2571 535 2595 il
561 2577 634 2604 papa
653 2571 781 2596 assicura
806 2571 935 2596 Rodoli'o
959 2573 1012 2598 Pa-

58 2614 62 2618 ’
116 2615 222 2640 triarca
241 2614 269 2639 di
285 2612 503 2642 Gerusslemme,
523 2612 671 2638 Giovnnni
686 2612 716 2638 di
730 2614 861 2643 Brienne,
880 2613 1012 2647 Μυκον-

64 2659 67 2661 ’
117 2652 178 2688 glo}
199 2655 287 2679 arciv.
312 2655 342 2679 di
367 2654 496 2684 Nieosia,
515 2653 655 2678 Giacomo
681 2661 754 2679 vene.
774 2654 804 2679 di
829 2655 937 2685 Accon‚
959 2655 1014 2679 Re-

118 2697 220 2729 gnerio
240 2703 312 2722 veae.
332 2696 364 2722 di
383 2696 499 2726 Betlem,
518 2695 669 2729 Leopoldo
683 2696 755 2721 duca
768 2696 926 2730 d’Austria,
941 2697 1012 2723 Gue-

15 2745 18 2770 j
118 2741 184 2765 rino
202 2741 324 2765 maestro
343 2740 420 2773 degli
434 2739 625 2773 Ospedalierl,
638 2738 804 2772 Gugiieimo
823 2743 948 2766 maestro
967 2741 1013 2766 dei

63 2797 65 2799 ·
119 2781 273 2814 Templari,
294 2782 437 2807 Ermanno
457 2782 488 2807 di
506 2782 583 2808 Saltz
602 2783 724 2807 maesti-o
749 2781 780 2807 dl
803 2781 831 2808 S.
856 2782 949 2808 Maria
967 2783 1012 2808 dei

119 2822 254 2855 Teutoni,
271 2831 288 2849 e
305 2826 377 2850 tutti
397 2825 520 2849 ibaroni
540 2832 555 2849 e
573 2825 694 2850 crociatl
713 2824 764 2849 eho
782 2825 808 2850 ιι
826 2827 954 2851 trovano
973 2826 1013 2851 al-

67 2902 70 2903 γ
119 2865 252 2891 l'assedio
277 2866 308 2891 di
328 2867 471 2897 Damiata,
495 2867 526 2892 dl
551 2873 633 2891 avere
660 2868 830 2892 intereunte
855 2866 976 2893 Genova
999 2876 1014 2894 e

119 2907 251 2939 venezia,
269 2916 284 2933 e
303 2909 413 2934 d'avere
426 2909 532 2934 din-etto
546 2909 645 2934 lettere
658 2917 673 2934 a
693 2910 763 2934 tutti
778 2910 786 2934 1
801 2911 880 2943 porti
899 2910 1013 2936 d’Italia

58 2958 64 2971 Α
79 2953 93 2982 5
119 2950 194 2975 ende
214 2951 223 2974 i
243 2949 369 2976 Crocisti
390 2951 504 2976 vad-,no
524 2952 618 2983 presto
637 2951 665 2975 al
685 2951 748 2976 loro
769 2958 917 2982 socconog
936 2951 1014 2978 Rur-

118 2997 210 3018 uum
229 2993 299 3018 Anu.
317 2994 381 3019 eccl.
400 2995 456 3025 cit„
478 3002 522 3019 an.
551 2992 626 3023 1218.
650 2993 662 3023 ξ
691 3000 730 3022 ιο,
751 2992 765 3006 “
778 2993 878 3019 Multis
897 2993 1015 3020 divinae

123 3033 137 3047 ‘¹
147 3034 306 3067 scripturae
316 3053 342 3068 ,μ

254 3150 288 3176 T.
306 3151 366 3183 vn,
386 3158 412 3185 p.
431 3157 457 3177 u
476 3165 509 3170 —-
529 3151 554 3177 6.

1024 852 1062 885 10

1024 1119 1061 1152 15

1020 1443 1062 1474 20

1022 1710 1062 1742 25

1023 1979 1064 2012 30

1995 372 2128 393 Carda'nah’s
2145 371 2199 392 libe-

2014 400 2089 419 ratus.

1118 373 1216 406 dusio
1240 383 1318 406 cum
1341 372 1472 406 Iacobo
1495 373 1623 406 comite
1646 372 1780 406 Andrie
1811 372 1963 406 Romani

1118 427 1291 460 exercitus
1323 427 1483 470 principe
1513 428 1549 460 in
1579 426 1716 471 Syriam
1749 426 1962 460 transfretat.

1118 480 1162 513 Et
1191 486 1275 513 tunc
1306 482 1463 515 nonnulli
1502 492 1607 515 cruce
1630 481 1758 526 signati
1793 481 1837 514 de
1870 487 1964 514 terra

1116 535 1226 568 sancti
1250 536 1431 569 Benedicti
1455 542 1490 570 et
1512 537 1658 569 aliarum
1681 536 1830 578 partium
1852 546 1873 567 a
1896 535 1963 567 Ga-

1117 587 1186 620 ieta
1208 589 1347 632 nauigio
1371 589 1632 622 lherosolimam
1654 594 1778 632 petunt
1786 601 1795 627 ;
1821 594 1856 622 et
1883 597 1965 632 pro-

1117 651 1219 684 spere
1243 644 1487 684 peruenientes
1510 643 1645 686 Accon‚
1668 643 1788 676 audito
1812 641 1857 675 de
1880 651 1966 684 cap-

1117 696 1211 728 tione
1235 698 1347 735 turris‚
1363 698 1494 730 uadunt
1509 698 1583 730 sine
1600 708 1695 731 more
1711 697 1868 740 periculo
1893 696 1964 728 Da-

1118 750 1267 783 miatam.

1205 804 1412 847 Dyopuldus
1434 806 1591 847 prefatus
1613 805 1656 838 de
1680 805 1842 838 mandato
1872 803 1964 848 regis

1118 857 1297 889 Frederici
1320 858 1356 889 in
1380 858 1577 891 Romanum
1599 858 1842 901 imperatorem
1858 857 1963 890 electi

1117 920 1137 941 a
1153 910 1278 942 comite
1301 911 1430 944 Iacobo
1448 911 1493 944 de
1508 918 1628 945 sancto
1645 912 1814 945 Seuerino
1830 921 1961 955 genero

1116 973 1178 996 suo
1201 964 1347 1006 capitur.

1204 1017 1408 1050 Constantia
1430 1028 1517 1051 uxor
1540 1018 1623 1051 dicti
1652 1018 1745 1062 regis
1774 1019 1809 1051 in
1833 1018 1964 1050 Roma-

1116 1080 1198 1103 num
1221 1070 1465 1113 imperatorem
1489 1071 1602 1109 electi,
1625 1078 1751 1105 uocata
1767 1082 1786 1104 a
1801 1072 1878 1104 uiro
1902 1081 1963 1103 suo

1116 1124 1153 1156 in
1176 1123 1430 1163 Alemanniam,
1453 1124 1550 1157 uadit
1574 1125 1619 1157 ad
1642 1125 1764 1167 ipsum.

1992 1014 2125 1035 Constantia
2135 1013 2201 1039 impe-

2016 1042 2098 1073 rastiz.
2113 1042 2135 1061 in
2146 1042 2199 1061 Ala-

2016 1074 2132 1116 ἓιιςὲἶιηιαηι
2160 1074 2201 1088 va-

1204 1230 1402 1264 MCCXIX.
1441 1231 1519 1264 Hoc
1549 1242 1639 1264 anno
1670 1231 1844 1264 Honorius
1872 1241 1963 1274 papa

1116 1295 1232 1317 mense
1255 1285 1346 1317 Iunii
1369 1285 1501 1319 Urbem
1526 1285 1648 1317 exiens
1670 1285 1736 1317 iuit
1758 1285 1884 1323 Reate,
1900 1283 1964 1316 ibi-

1117 1349 1185 1381 que
1200 1348 1330 1371 moram
1346 1338 1483 1371 faciens
1497 1348 1606 1380 usque
1622 1338 1666 1370 ad
1689 1348 1843 1370 mensem
1859 1338 1964 1371 Octo-

1116 1391 1197 1432 bris,
1208 1392 1292 1425 inde
1308 1392 1370 1425 iuit
1384 1391 1590 1431 Uiterbium,
1608 1397 1642 1424 et
1656 1391 1798 1424 tandem
1814 1391 1963 1424 Romam

1117 1454 1276 1478 reuersus
1297 1451 1359 1478 est.
1383 1444 1445 1478 Set
1467 1455 1546 1478 cum
1562 1451 1705 1488 propter
1728 1444 1965 1477 Romanorum

1117 1497 1292 1531 molestias
1316 1509 1390 1532 esse
1413 1499 1528 1532 Rome
1559 1508 1630 1531 non
1660 1503 1788 1541 posset,
1819 1503 1959 1530 coactus

1119 1557 1170 1584 est
1193 1551 1389 1585 Uiterbium
1411 1562 1578 1585 remeare.

1206 1605 1331 1638 Christi
1347 1606 1518 1639 exercitus
1533 1606 1675 1638 fluuium
1692 1610 1880 1638 transmeat
1894 1605 1964 1636 Da-

1117 1659 1235 1697 miate,
1273 1665 1308 1692 et
1340 1659 1454 1703 posita
1491 1659 1627 1692 ciuitati
1665 1659 1849 1692 obsidione
1885 1668 1963 1690 cum

1119 1712 1295 1745 Soldanus
1317 1713 1458 1756 fugiens
1479 1718 1591 1746 metus
1614 1723 1718 1746 causa
1734 1712 1864 1745 relictis
1888 1717 1963 1744 ten-

1117 1765 1215 1798 toriis
1231 1767 1268 1798 in
1280 1771 1414 1809 partem
1428 1765 1569 1799 alteram
1581 1765 1773 1803 secesserit,
1790 1770 1868 1808 post
1882 1771 1964 1797 stra·

1118 1828 1180 1862 ges
1192 1819 1366 1861 plurimas,
1382 1825 1462 1863 post
1476 1825 1632 1862 sumptus
1646 1819 1866 1862 multiplices,
1884 1824 1962 1860 post

1117 1873 1255 1907 labores
1267 1880 1302 1906 et
1317 1873 1468 1917 dampna
1483 1875 1664 1906 innumera
1679 1884 1796 1906 mense
1813 1873 1964 1906 Nouem-

1119 1927 1172 1960 bri
1205 1927 1240 1959 in
1274 1926 1394 1971 uigilia
1423 1926 1517 1959 beati
1548 1927 1755 1960 confessoris
1790 1926 1965 1959 Leonardi

1119 1980 1267 2014 obtinuit
1278 1980 1418 2013 tandem
1429 1980 1580 2013 faciente
1592 1980 1744 2013 Domino
1759 1980 1963 2018 Damiatam,

1119 2033 1187 2067 hoc
1209 2034 1284 2076 ipso
1323 2033 1513 2066 Albanensi
1543 2033 1710 2077 episcopo
1745 2038 1964 2075 procurante.

1118 2086 1250 2120 Ciuitas
1273 2093 1388 2120 autem
1404 2088 1480 2130 ipsa
1493 2098 1588 2126 auro,
1604 2086 1777 2130 lapidibus
1789 2087 1964 2129 pretiosis,

1119 2139 1247 2182 pannis
1279 2140 1401 2173 sericis
1423 2140 1595 2184 rebusque
1626 2140 1749 2184 opimis
1780 2140 1883 2182 plena
1913 2138 1964 2170 in-

1992 1870 2072 1896 (aptio
2081 1871 2197 1891 Damiate.

1209 2264 1252 2291 26.
1271 2267 1386 2291 secessit
1406 2265 1481 2291 Uen.

1153 2400 1164 2417 ¹
1182 2401 1313 2427 Secondo
1340 2402 1360 2426 ll
1386 2402 1617 2431 WrsxmLMANN,
1639 2402 1751 2432 Philipp
1778 2408 1830 2425 von
1856 2400 1960 2425 Schm-

1065 2443 1113 2467 ben
1131 2444 1186 2468 und
1208 2444 1271 2469 otto
1290 2443 1310 2468 1
1314 2444 1338 2469 V
1351 2452 1402 2469 von
1422 2443 1640 2475 Brannscbweig,
1659 2442 1784 2475 Leipzlg,
1808 2439 1884 2472 1878,
1904 2440 1960 2464 vol.

1065 2485 1100 2515 11,
1119 2494 1145 2518 p.
1165 2492 1224 2519 407,
1245 2487 1273 2511 la
1292 2488 1403 2511 cattum
1422 2487 1452 2511 di
1478 2485 1638 2519 Diopoldo.
1660 2492 1711 2518 per
1730 2485 1832 2509 ordine
1859 2483 1888 2507 di
1909 2483 1960 2506 Fe·
1989 2490 2023 2508 20

1065 2529 1162 2554 derlee
1175 2529 1263 2554 eletto
1277 2530 1456 2561 imperatore,
1471 2529 1586 2553 sarebbe
1601 2529 1744 2553 avvenuta
1760 2527 1780 2551 il
1797 2533 1828 2558 ¹3
1842 2526 1863 2554 Ι,
1878 2530 1961 2555 1217;

1067 2571 1104 2596 cs.
1124 2571 1259 2601 nnuma,
1280 2579 1306 2596 n.
1330 2577 1411 2602 12501
1425 2581 1452 2597 a.

1153 2613 1164 2631 ³
1184 2615 1338 2641 Rern-anus
1358 2616 1540 2640 Lzonmmus
1563 2615 1635 2642 Chr.¹
1662 2614 1693 2638 in
1720 2614 1760 2637 M.
1786 2613 1815 2636 G.
1839 2612 1876 2636 H.
1899 2610 1959 2639 SS..

1065 2656 1139 2685 XVI,
1158 2655 1286 2688 651-680,
1305 2657 1402 2681 all'an.
1430 2662 1496 2687 1217
1517 2657 1594 2680 dice:
1624 2655 1637 2669 “
1651 2655 1732 2680 Uxor
1753 2653 1895 2678 Frederici
1922 2660 1962 2676 re-

1069 2698 1203 2731 “gls-...
1232 2701 1326 2732 primo
1352 2701 1475 2724 intravit
1500 2698 1699 2723 Alemanniam
1729 2704 1792 2721 cum
1823 2696 1960 2720 Heinrico
1989 2698 2020 2725 25

1069 2741 1152 2766 “filio
1178 2749 1229 2766 suo
1257 2743 1284 2766 et
1313 2742 1403 2766 multa
1433 2741 1596 2773 frequentia
1625 2742 1682 2764 tam
1707 2738 1856 2763 hominum
1876 2745 1958 2769 quam

1069 2784 1282 2815 “mulierum„;
1304 2785 1339 2809 cs.
1361 2784 1497 2811 ΒὸΗΜκκ,
1518 2791 1544 2808 n.
1565 2782 1616 2814 884
1627 2791 1652 2807 a.

1156 2824 1168 2841 ⁴
1188 2826 1229 2851 La
1248 2827 1339 2859 prima
1365 2826 1465 2850 lettera
1491 2825 1519 2849 di
1547 2825 1658 2849 Onorlo
1684 2824 1722 2848 111
1742 2824 1808 2847 data
1834 2831 1849 2847 a
1870 2822 1958 2854 Rieu,

1065 2869 1152 2893 rlsale
1169 2869 1228 2901 agli
1253 2875 1280 2893 ιι
1303 2869 1348 2899 VI,
1374 2875 1450 2899 12¹9,
1472 2868 1630 2891 Rumam
1654 2867 1723 2890 Anu.
1749 2867 1839 2890 eccles.
1863 2865 1960 2890 ail’an.

1069 2916 1136 2942 1219
1155 2910 1170 2942 ξ
1189 2917 1235 2943 333
1250 2918 1266 2934 a
1280 2911 1408 2938 Viterbo,
1428 2910 1502 2934 dove
1521 2910 1544 2933 si
1564 2911 1647 2933 trova
1663 2909 1737 2932 forse
1752 2909 1843 2941 prIma
1866 2907 1910 2931 del
1929 2906 1960 2931 16
1986 2913 2022 2939 30

1065 2952 1099 2982 X,
1118 2954 1220 2977 rimase
1239 2953 1296 2977 fino
1317 2954 1343 2977 al
1361 2959 1373 2976 2
1394 2951 1441 2981 Vt,
1465 2958 1548 2982 12203
1567 2952 1604 2976 cf.
1621 2951 1788 2982 ΡοττΗΛετ,
1808 2957 1855 2974 nn.
1876 2949 1960 2981 6131-

1067 2993 1148 3019 6268.

1157 3035 1168 3052 ⁵
1187 3042 1200 3068 5
1222 3036 1269 3066 XI,
1291 3043 1367 3069 ¹²¹9·
