2320 3444
1889 187 1955 223 181
2002 198 2078 222 Mun..
2093 204 2113 220 c.
2131 204 2182 223 1029

66 208 70 218 ι
116 194 170 232 [Α.
190 196 285 231 ¹²³²!
897 188 1177 226 CHRONICA

58 356 60 362 .
205 321 354 354 Munitio
377 327 469 354 terre
493 321 609 355 Sancti
633 322 799 356 Germani
822 328 859 354 ut
881 321 981 355 citius
1003 321 1062 354 fiat
1083 332 1146 364 per
1169 321 1347 354 dominum
1370 319 1570 362 Philippum
1594 319 1638 352 de
1661 318 1756 352 Citro
1774 329 1852 351 cum
1877 329 1960 352 con-

51 391 70 423 3
115 373 193 408 silio
215 374 406 407 iuratorum
429 381 520 408 terre
543 375 695 408 eiusdem
717 386 779 418 per
802 375 957 408 homines
980 380 1071 407 terre
1094 373 1296 406 monasterii
1320 372 1546 406 distribuitur.

58 423 66 462 ,’
205 427 450 471 Inquisitiones
474 428 518 461 ab
541 429 814 471 archiepiscopis
836 429 922 461 fiunt
952 428 996 460 de
1023 427 1254 470 suffraganeis
1285 426 1470 468 episcopis,
1501 436 1593 469 papa
1622 426 1820 465 mandante,
1851 431 1886 457 et
1916 425 1960 458 ab

59 472 69 519 ‚J
115 481 292 524 episcopis
315 482 359 514 de
383 481 522 515 clericis
544 481 624 520 suis,
641 482 670 514 si
695 487 790 515 caste
813 482 935 514 uiuunt
952 487 987 514 et
1003 481 1229 518 continenter,
1247 486 1280 512 et
1297 485 1334 511 ut
1350 485 1486 512 cessent
1501 489 1643 522 prorsus
1658 490 1678 510 a
1702 478 1958 512 cohabitatione

56 552 59 558 =·
75 533 96 568 ⁵
118 534 302 568 mulierum
317 536 338 568 ¹.

61 619 63 622 ,
202 588 333 621 Domus
355 589 504 632 quedam
527 589 562 621 in
577 589 724 622 Coraria
735 588 746 605 ¹
764 594 800 621 et
814 588 917 621 Ualle
941 587 1168 626 redimuntur,
1183 593 1223 620 ut
1244 597 1314 619 non
1330 586 1521 624 diruantur,
1537 592 1640 629 prout
1655 592 1822 618 statuerat
1844 586 1955 628 Impe-

47 640 65 678 ἶ,
113 647 219 682 rator,
243 647 279 675 et
300 642 382 675 date
414 648 491 675 sunt
515 641 678 685 Philippo
710 643 754 674 de
785 642 884 675 Citro
916 641 1016 674 uncie
1048 641 1122 673 auri
1153 650 1207 679 cc,
1230 641 1275 672 de
1299 640 1426 683 quibus
1457 646 1591 682 partem
1622 639 1713 672 misit
1742 649 1807 682 pro
1837 639 1958 672 solidis

52 706 58 732 i
113 695 346 729 obsidentium
370 696 607 736 Introducum‚
631 702 665 728 et
687 701 820 738 partem
842 695 1010 738 reliquam
1034 694 1138 728 Curie
1162 693 1332 737 imperiali
1355 693 1533 736 pers-oluit.

202 748 374 782 Soldanus
397 750 560 782 Damasci
582 750 734 792 pretiosa
750 749 855 782 mittit
879 748 1003 781 exenia
1026 747 1234 790 Imperatori
1257 758 1322 790 per
1348 747 1515 791 quosdam
1540 747 1680 779 nuntios
1702 757 1781 780 suos
1804 747 1839 778 in
1864 746 1959 790 Apu-

42 795 47 838 }
68 802 91 834 0
111 802 194 835 liam
217 803 407 836 uenientes.

42 847 46 853 ’
198 856 318 890 Mense
343 855 476 899 Aprilis
498 856 652 889 Thomas
683 854 892 888 Acerrarum
923 865 1041 887 comes
1071 861 1154 897 aput
1179 854 1340 887 Sanctum
1364 853 1482 886 Uitum
1514 854 1558 885 de
1592 854 1702 885 Melfa
1725 853 1892 886 baronum
1923 861 1957 887 et

109 908 253 942 militum
278 910 471 943 exercitum
494 914 697 952 congregat,
719 918 804 951 quos
836 907 1063 941 Introducum
1086 907 1191 940 mittit
1221 913 1343 940 contra
1369 906 1574 939 Bertoldum
1603 907 1746 939 fratrem
1775 907 1953 950 Raynaldi

110 961 197 995 dicti
221 963 321 995 ducis
344 961 487 1005 Spoleti,
510 962 569 1006 qui
591 972 628 994 se
651 962 687 993 in
710 972 753 994 eo
777 967 900 994 contra
923 961 1173 1003 Imperatorem
1196 965 1392 1003 receperat.

202 1016 353 1049 Romani
375 1026 479 1059 super
501 1015 699 1048 Uiterbium
723 1014 864 1048 uadunt.

199 1070 388 1113 Gregorius
410 1080 502 1112 papa
525 1070 569 1102 de
594 1069 707 1102 Reate
736 1074 821 1111 aput
844 1069 1083 1111 Interampnes
1104 1068 1213 1106 uadit,
1237 1074 1272 1100 et
1295 1068 1377 1100 inde
1408 1067 1505 1100 uadit
1533 1066 1731 1109 Spoletum;
1756 1069 1814 1111 qui
1845 1079 1950 1112 gene-

106 1122 190 1156 ralis
204 1124 251 1156 ad
266 1123 385 1166 Regni
402 1122 552 1166 prelatos
568 1122 701 1155 litteras
716 1122 850 1166 dirigit,
866 1131 910 1154 ne
926 1121 1004 1165 quis
1020 1131 1138 1154 eorum
1153 1120 1359 1153 officialibus
1374 1121 1607 1163 Imperatoris,
1623 1121 1806 1153 occasione
1831 1122 1952 1154 defen-

107 1175 216 1209 dendi
239 1175 484 1218 patrimonium
508 1176 658 1208 ecclesie
680 1176 774 1218 ipsos
796 1186 943 1219 grauare
966 1174 1175 1212 uolentibus,
1199 1175 1443 1216 respondeant,
1467 1179 1502 1206 et
1525 1174 1707 1206 intendant
1719 1173 1741 1206 ³.

193 1229 336 1263 Landus
358 1230 518 1274 Reginus
539 1229 824 1271 archiepiscopus
846 1229 883 1261 in
906 1228 1163 1261 Messanensem
1188 1228 1331 1272 eligitur
1342 1227 1377 1260 ⁴.'

24 1312 25 1316 ,
195 1283 369 1316 Iohannes
386 1284 430 1316 de
447 1283 586 1316 Baruch
602 1283 777 1315 ciuitatem
801 1282 1058 1316 Acconitanam
1082 1281 1208 1325 recipit
1225 1282 1260 1314 in
1283 1281 1399 1314 odium
1417 1281 1651 1324 Imperatoris.

23 1338 29 1367 ἓ
68 1343 75 1365 ⁸
105 1337 259 1371 Romani
283 1337 327 1370 de
350 1336 510 1370 Uiterbio
534 1337 578 1369 ad
601 1336 734 1369 Urbem
757 1336 916 1369 redeunt.

193 1390 387 1433 Imperator
409 1390 454 1423 ab
476 1390 665 1434 Aquilegia
687 1401 751 1433 per
772 1399 867 1422 mare
890 1390 982 1422 redit
1004 1389 1039 1421 in
1062 1388 1236 1431 Apuliam,
1261 1399 1368 1432 seque
1401 1394 1485 1431 aput
1507 1389 1659 1421 Melfiam
1688 1388 1876 1427 contulit⁶3
1901 1401 1921 1422 a

106 1455 211 1488 quem
233 1454 314 1476 mox
337 1442 507 1488 Magister
529 1444 733 1476 iustitiarius
757 1449 791 1476 et
813 1442 929 1476 dictus
956 1442 1165 1475 Acerrarum
1198 1452 1315 1475 comes
1338 1443 1523 1475 accedunt.
1568 1443 1627 1475 Ad
1651 1452 1777 1484 papam
1800 1443 1952 1481 nuntius,

103 1508 147 1531 ex
168 1504 268 1541 parte
289 1498 514 1540 Imperatoris
536 1498 703 1541 magister
725 1497 850 1530 Petrus
866 1497 910 1530 de
935 1496 1063 1530 Sancto
1088 1496 1263 1529 Germano
1287 1496 1458 1539 dirigitur.

15 1582 19 1594 s*
194 1551 327 1584 Eodem
338 1561 456 1584 mense
472 1551 646 1584 Iohannes
662 1551 801 1583 Baruch
818 1561 895 1583 cum
911 1551 1127 1593 marescalco
1139 1549 1363 1592 Imperatoris
1375 1550 1621 1593 congriediens
1632 1550 1668 1582 in
1683 1550 1840 1593 partibus
1853 1549 1952 1588 Sirie,

14 1603 83 1638 225
106 1605 218 1648 ipsum
241 1604 374 1638 deuicit
396 1604 433 1636 in
457 1615 580 1647 campo
605 1610 640 1637 et
656 1604 782 1638 multos
804 1604 898 1647 cepit
923 1615 967 1637 ex
990 1604 1071 1637 suis.

24 1655 26 1659 ’
194 1657 290 1701 Aput
314 1658 491 1701 spoletum
508 1658 697 1702 Gregorius
713 1668 804 1701 papa
821 1658 1005 1702 quemdam
1021 1658 1166 1690 fratrem
1190 1656 1380 1690 Antonium
1397 1657 1441 1691 de
1459 1657 1581 1690 ordine
1605 1659 1752 1690 fratrum
1776 1658 1949 1691 Minorum

105 1712 334 1751 canonizauin
359 1718 393 1744 et
416 1717 615 1744 sanctorum
638 1711 800 1755 catalogo
822 1711 1002 1744 mandauit
1025 1711 1153 1744 ascribi
1166 1714 1189 1743 ⁶.

192 1765 314 1798 Mense
335 1765 426 1798 Iunii
449 1765 591 1808 quidam
613 1765 767 1798 Thomas
783 1764 828 1798 de
844 1765 966 1798 Pando
991 1765 1078 1798 ciuis
1102 1764 1273 1798 Scalensis
1297 1775 1423 1798 nouam
1438 1771 1609 1798 monetam
1633 1766 1718 1807 auri,
1742 1776 1809 1808 que
1832 1764 1951 1809 Augu-

32 1859 34 1862 >
105 1819 200 1853 stalis
214 1819 342 1852 dicitur
357 1819 404 1851 ad
420 1819 585 1852 Sanctum
602 1818 810 1852 Germanum
835 1819 959 1852 detulit
976 1819 1248 1851 distribuendam
1265 1829 1329 1862 per
1343 1824 1451 1851 totam
1468 1818 1642 1851 abbatiam
1659 1824 1694 1851 et
1709 1830 1772 1861 per
1789 1819 1950 1851 Sanctum

22 1871 83 1905 &30
107 1871 330 1912 Germanum,
345 1878 383 1905 ut
398 1872 473 1915 ipsa
489 1877 628 1905 moneta
642 1877 784 1904 utantur
799 1872 956 1905 homines
971 1871 1008 1904 in
1024 1871 1256 1914 emptionibus
1271 1878 1308 1905 et
1322 1872 1585 1905 uenditionibus
1597 1872 1676 1911 suis,
1689 1871 1783 1904 iuxta
1795 1873 1949 1906 ualorem

1974 1069 2075 1088 Romam*
2095 1075 2106 1089 s
2113 1071 2148 1094 up
2157 1075 2169 1089 e
2175 1075 2189 1089 r

2003 1095 2128 1116 Uaterba'um
2144 1102 2187 1117 ua-

2004 1123 2068 1142 dunt.

1696 1282 1820 1314 Mense
1844 1282 1953 1315 Madii

2043 1299 2062 1315 c.
2074 1300 2124 1319 55¹1

1924 1390 1947 1422 d
1972 1381 2101 1405 Imperator
2114 1382 2138 1412 in-
2153 1388 2187 1402 re-

1994 1414 2066 1432 gnum
2081 1409 2155 1429 uadnt.

1974 1657 2126 1680 Canonimlio
2134 1664 2188 1679 san-

1999 1685 2034 1704 cti
2046 1685 2144 1706 Antonii
2160 1686 2188 1706 de

2000 1712 2089 1732 Padusa.

1973 1820 2114 1843 Augustales
2154 1821 2186 1840 di-

1999 1846 2128 1866 sumuntur
2144 1850 2186 1872 per

2000 1874 2112 1898 Regnum.

197 2009 220 2028 1.
240 2010 289 2036 per
308 2003 475 2037 Philippum
494 2002 527 2028 de
547 2002 632 2028 Cltro
651 2002 734 2034 Uen„
754 2004 818 2029 Dar.
835 2003 889 2035 Ra,
907 2004 1005 2029 Pan‘rz
1024 2012 1038 2028 e
1065 2003 1159 2028 Gaun.
1186 2017 1216 2021 —
1247 2010 1286 2028 11.
1311 2004 1387 2037 apud
1413 2003 1547 2029 Sanctum
1573 2004 1672 2029 Vitum
1697 2004 1782 2036 Uen„
1807 2005 1871 2029 Dm.
1896 2004 1949 2034 Ra,

107 2046 203 2071 Pan-rt
221 2054 236 2070 e
255 2045 352 2072 Gaui».

39 2862 74 2882 20

190 2133 200 2151 ¹
219 2134 250 2159 Sl
270 2134 400 2160 riferlsce
420 2134 597 2168 all’eplstoia
615 2136 645 2160 di
663 2135 805 2168 Gregorio
829 2135 869 2160 IX
891 2135 936 2160 del
963 2135 996 2160 28

102 2854 149 2880 “sl
171 2856 308 2888 predIctis
326 2856 496 2882 iustitium
515 2859 543 2882 et
568 2857 739 2882 officialibus
763 2864 847 2890 super
871 2858 926 2883 hoe
947 2866 994 2891 pe-

101 2896 205 2923 “nitus
223 2898 376 2931 exolutis,
398 2907 460 2924 cum
481 2899 608 2924 nolimus
628 2899 809 2924 afflictionem
823 2900 937 2926 afflictis
951 2908 994 2925 oc-

99 2939 113 2954 ⁴¹
122 2941 238 2965 caslone
257 2941 421 2966 huiusmodi
441 2941 591 2974 superaddi
605 2960 628 2974 n·
661 2942 706 2967 Cf.
719 2941 817 2972 Putat,
829 2941 927 2968 Sicilia
942 2943 993 2968 Sa-

98 2989 156 3012 cra,
175 2981 268 3014 cit.,1‚
287 2983 344 3007 col.
365 2989 423 3016 144,
446 2988 509 3015 1453
530 2984 696 3013 Porrmsr,
717 2991 743 3009 n.
758 2982 842 3018 88933
858 2984 993 3015 Bonum,

1052 2134 1130 2168 6892.

1137 2857 1148 2874 ⁶
1167 2859 1251 2883 Della
1272 2859 1511 2883 cnnonizzazione
1531 2857 1560 2881 di
1580 2856 1607 2882 S.
1627 2856 1759 2881 Antonio
1773 2857 1801 2881 di
1816 2857 1941 2888 Padova,

1047 2900 1208 2926 fissandone
1227 2901 1255 2925 la
1282 2901 1445 2925 ricorrenza
1469 2900 1592 2924 annuale
1619 2899 1645 2923 al
1669 2906 1697 2931 ¹3
1727 2899 1754 2923 di
1776 2899 1895 2931 giugno.
1920 2900 1942 2923 il

1048 2943 1214 2972 ῙόττΗΑετ,
1235 2950 1283 2968 nn.
1304 2943 1383 2975 8937,
1403 2941 1436 2973 38
1455 2950 1469 2966 e
1489 2941 1530 2972 56,
1551 2943 1659 2973 riperta
1679 2943 1721 2966 tre
1735 2942 1814 2966 date:
1834 2941 1854 2965 il
1878 2949 1899 2974 ι,
1920 2942 1940 2967 il

1049 2992 1063 3019 3
1083 2993 1097 3012 e
1119 2986 1140 3011 il
1162 2991 1194 3019 ²3
1214 2984 1268 3014 V1;
1289 2986 1324 3011 cs.
1345 2985 1479 3014 Bonum.
1498 2984 1577 3019 6895.

2 2186 23 2210 ς,
101 2176 136 2207 X,
163 2182 232 2210 ¹²30
257 2178 399 2209 riportata
424 2177 504 2202 dallo
530 2178 619 2202 stesso
643 2177 676 2202 R.
713 2178 780 2203 Non
807 2178 994 2211 improbabil-
1137 2176 1147 2194 ⁴
1166 2178 1266 2203 Rocco
1284 2178 1380 2207 Pnuu.
1401 2178 1455 2204 Sic.
1476 2179 1573 2209 Sacra,
1585 2178 1606 2207 Ι,
1621 2186 1648 2211 p.
1661 2185 1713 2211 404
1727 2179 1790 2203 dice
1802 2179 1853 2203 che
1868 2179 1943 2203 Lan·
1975 2184 2006 2210 25

3 2217 17 2253 ζ
60 2225 75 2252 5
103 2221 196 2244 mente
215 2219 238 2244 il
258 2220 304 2244 tit.
323 2219 444 2244 XXVIII
463 2219 507 2244 del
528 2219 604 2244 libro
618 2226 654 2244 ιιι
668 2221 723 2251 (De
736 2221 803 2249 filiis
816 2219 995 2253 clericorum),
1050 2220 1132 2250 done,
1147 2220 1291 2245 familiare
1305 2229 1318 2245 e
1332 2221 1504 2254 consigliere
1524 2221 1776 2254 dell’imperatore,
1790 2220 1872 2253 passo
1887 2221 1946 2245 dal-

102 2269 182 2287 come
201 2262 223 2286 il
243 2263 290 2286 tit.
310 2261 403 2287 XXIX
421 2263 563 2294 seguente,
584 2262 655 2287 deve
680 2264 811 2288 ritenersi
837 2264 997 2296 posteriore
1050 2261 1288 2287 l’arcivescovato
1309 2263 1338 2287 di
1352 2262 1463 2295 Reggio
1477 2271 1493 2288 a
1505 2263 1602 2295 quello
1615 2264 1644 2287 di
1660 2264 1784 2287 Messina
1798 2270 1852 2288 con
1867 2263 1945 2287 bolla

102 2304 158 2329 alle
178 2304 375 2330 Costituzloni
396 2303 427 2328 dl
445 2303 537 2334 Melfi3
557 2305 593 2329 cf.
619 2303 747 2334 Guium,
777 2306 841 2331 Otia
866 2307 997 2337 diploma·
1050 2305 1078 2329 di
1094 2304 1238 2338 Gregorio
1252 2305 1290 2330 lx
1303 2306 1349 2330 del
1366 2305 1441 2338 1236.
1470 2304 1558 2329 Come
1578 2306 1764 2330 arcivescovo
1778 2306 1808 2331 di
1821 2305 1947 2330 Messina

101 2347 165 2376 tica,
184 2347 256 2372 Note
275 2347 310 2371 ed
326 2346 462 2379 agg-inante
481 2347 538 2372 alla
560 2347 653 2372 storia
671 2347 717 2372 del
736 2348 858 2373 Celibato
871 2349 998 2374 ecelesia·
1050 2346 1064 2372 ὲ
1078 2348 1224 2373 rlcordato
1243 2349 1274 2373 ln
1294 2356 1351 2374 una
1370 2349 1494 2382 epistola
1507 2348 1585 2374 dello
1605 2350 1695 2373 stesso
1715 2357 1786 2381 papa
1801 2349 1846 2373 del
1867 2354 1898 2380 27
1913 2349 1946 2377 X,

10 2412 13 2416 ,
100 2390 167 2415 suco
185 2388 340 2414 nell’ltalx‘a
359 2389 544 2414 Meridionale
570 2389 615 2414 nei
630 2390 713 2415 secoli
737 2391 789 2415 XI
808 2399 824 2416 a
848 2391 920 2421 XII,
944 2391 996 2415 Pa·
1053 2397 1134 2423 1232;
1161 2391 1199 2416 cf.
1232 2391 1425 2422 Romanasne,
1448 2391 1470 2421 1,
1496 2399 1523 2417 n.
1550 2390 1610 2423 488,
1636 2399 1664 2424 p.
1689 2398 1755 2424 3923
1780 2391 1946 2421 Pornmsr,
1974 2399 2008 2423 30

14 2436 15 2439 ¹
43 2435 76 2454 ιο
101 2431 200 2463 leri-no,
225 2438 301 2464 1920,
321 2439 347 2464 p.
367 2436 400 2464 45
420 2439 436 2456 e
455 2439 482 2456 n.
1051 2441 1079 2460 n.
1097 2433 1177 2467 9028.

8 2472 12 2474 ’
189 2471 201 2490 ²
223 2472 344 2498 Coraria
369 2472 383 2498 ὲ
410 2472 465 2497 “in
492 2473 613 2499 civitate
631 2473 730 2499 Sancti
755 2474 888 2500 Germani
901 2484 932 2508 ης
958 2475 996 2500 cf.
1136 2475 1180 2501 Lo
1198 2478 1289 2502 stesso
1308 2484 1391 2510 papa,
1410 2477 1464 2502 dic.
1487 2483 1563 2510 1232,
1582 2477 1623 2509 gli
1644 2477 1809 2501 concedette
1829 2476 1857 2501 di
1882 2484 1946 2508 por-

102 2517 222 2550 Reg‘sslo
240 2517 271 2541 df
288 2516 438 2541 ΤΟΜΜΛΒΟ
457 2517 574 2546 Decano.
594 2523 641 2550 PP·
663 2522 693 2549 57
713 2524 728 2542 e
754 2516 796 2549 58,
819 2518 882 2543 doc·
908 2517 954 2542 del
981 2525 994 2551 5
1049 2521 1109 2545 tare
1129 2520 1156 2544 la
1176 2527 1257 2545 croce
1277 2519 1392 2552 quando
1412 2521 1435 2544 si
1462 2521 1590 2544 trovasse
1617 2519 1693 2544 nella
1719 2526 1768 2543 sua
1794 2520 1945 2551 provincia

3 2563 17 2584 z·
99 2558 141 2584 111
161 2558 236 2584 1208.
1049 2569 1127 2587 come
1140 2560 1250 2594 Legato
1263 2561 1437 2594 apostolico.
1463 2560 1508 2586 Cf.
1522 2561 1707 2590 Srannanaa,
1725 2562 1743 2584 I
1751 2561 1863 2591 diplomi
1871 2561 1944 2585 della

1 2600 14 2637 'J
189 2599 201 2616 ⁸
218 2601 254 2626 Di
268 2608 324 2626 una
338 2601 369 2626 dl
383 2603 481 2632 queste
492 2601 614 2634 epistole
627 2602 730 2627 dirette
744 2601 780 2627 da
793 2602 935 2635 Gregorio
947 2602 994 2632 IX.
1047 2606 1200 2630 cattedrale
1210 2605 1240 2629 di
1253 2605 1384 2634 Messina,
1399 2611 1409 2629 1
1422 2603 1481 2628 Ser.
1491 2603 1698 2636 Diplomatica,
1714 2603 1854 2631 Palermo.
1869 2602 1944 2634 1887,
1972 2610 2004 2637 35

10 2637 13 2658 ἶ
43 2646 72 2674 15
101 2644 124 2667 si
144 2650 283 2669 conserva
301 2644 430 2669 tuttavia
450 2645 479 2668 in
500 2644 644 2675 originale
657 2643 812 2669 nell’Arch.
826 2643 995 2677 Capitolare
1049 2655 1076 2680 p.
1098 2652 1146 2680 792
1167 2647 1334 2675 Pom-alsia
1354 2655 1381 2672 n.
1401 2651 1480 2679 9057,
1500 2645 1691 2670 l'attribuisce
1716 2645 1944 2670 all'anteccssore

9 2706 15 2718 ,Ἴ
100 2686 177 2711 della
196 2686 363 2712 Cnttedrale
382 2687 411 2711 di
427 2687 559 2712 Palermo
572 2687 669 2719 quella
682 2687 787 2713 diretta
800 2689 836 2713 da
849 2688 929 2714 Rieti
942 2689 964 2714 il
979 2696 993 2723 7
1048 2689 1182 2719 Berardo,
1202 2689 1326 2714 secondo
1346 2689 1368 2713 ll
1389 2696 1486 2721 parere
1505 2688 1550 2712 del
1570 2687 1654 2711 Piri-i.

99 2728 150 2759 ΙΙΙ,
172 2735 237 2761 1²32
257 2736 274 2754 a
291 2730 437 2755 Bernardo
457 2731 642 2755 arcivescovo
662 2730 690 2755 di
714 2730 853 2756 Palermo.
891 2730 994 2756 “ideo-
1136 2730 1147 2747 ⁵
1165 2731 1302 2756 Federico
1323 2729 1390 2764 pote
1409 2731 1532 2755 trovarsi
1552 2738 1566 2754 a
1586 2729 1715 2755 civitate
1731 2730 1807 2754 nella
1821 2730 1942 2754 seconda

102 2771 179 2803 “que
196 2771 384 2797 universitati
402 2774 508 2801 vestre,
527 2773 569 2805 gil
589 2772 652 2797 dice
673 2773 693 2797 il
713 2771 799 2806 Papa,
818 2780 866 2807 per
879 2776 994 2807 aposto·
1049 2771 1122 2799 metti
1141 2771 1303 2806 dell’aprlle
1325 2782 1338 2798 e
1366 2775 1395 2798 in
1422 2773 1499 2797 Melfi
1525 2779 1606 2797 verso
1631 2772 1757 2797 l'ultima
1783 2772 1887 2797 decade
1913 2773 1943 2797 di

101 2812 115 2826 ¹¹
126 2813 181 2838 lica
195 2814 303 2846 scrlpta
315 2814 446 2839 districte
466 2815 653 2848 precipiendo
667 2814 843 2846 mandamus,
855 2818 994 2849 quatenus
1047 2817 1173 2849 glugnog
1193 2817 1328 2845 ΒὸΗΜκκ,
1350 2824 1396 2840 nn.
1419 2820 1486 2848 1959
1497 2814 1596 2846 a-1988
1607 2823 1627 2839 c.
1972 2821 2006 2846 40
