2320 3444
388 236 435 272 66
845 229 1120 268 RYCCARDI
1148 228 1218 264 DE
1246 226 1458 264 SANCTO
1487 224 1756 262 GERMANO
2053 229 2219 266 [A.121s1

388 366 502 399 “fecit
524 366 617 398 Deus
639 365 784 396 salutem
806 362 841 394 in
865 361 983 400 Israel,
1003 361 1143 405 quando
1158 370 1223 403 per

387 421 402 438 ¹⁶
415 419 626 455 sacerdotes,
647 417 765 459 utique
790 414 1003 448 Machabeos
1025 413 1117 446 filios
1146 413 1222 446 Ma-

385 472 546 505 “thathie
578 470 737 503 liberauit
770 468 957 502 Ierusalem
992 473 1026 500 et
1055 466 1222 510 templum

386 527 400 544 ‘¹
415 525 459 558 de
482 523 637 557 manibus
651 523 847 565 impiorum.
885 522 937 554 De
953 519 1122 563 spirituali
1137 530 1222 552 uero

386 579 401 596 ‘⁴
414 578 556 611 transitu
579 577 628 609 ait
651 576 816 609 Dominus
844 575 889 607 ad
918 574 1030 606 uirum
1059 573 1221 606 uestitum
1308 571 1325 603 5

387 632 515 664 “lineis
538 630 722 663 habentem
747 628 1027 662 atramentarium
1043 626 1224 670 scriptoris

385 685 400 701 ‘⁴
413 685 458 717 ad
481 694 596 717 renes:
618 683 749 716 Transi
760 686 825 726 per
840 682 985 714 mediam
1001 681 1174 715 ciuitatem
1190 685 1224 713 et

384 739 398 755 “
414 740 520 780 signa
546 736 645 769 Thau
670 739 775 780 super
788 735 930 780 frontes
960 733 1136 776 [uirorum]
1155 745 1224 777 ge-

384 791 398 808 “
414 790 571 822 mentium
594 793 628 822 et
650 789 830 822 dolentium
852 791 957 832 super
978 788 1105 820 cunctis
1127 787 1224 819 abbo-

387 842 649 876 “minationibus
686 852 750 885 que
776 842 871 886 fiunt
907 841 943 873 in
975 841 1086 873 medio
1119 840 1190 872 eius
1203 838 1223 872 ¹.
1289 838 1328 870 10

387 898 401 914 ‘⁴
413 896 551 928 Deinde
568 895 651 928 dicit
666 905 727 928 sex
743 894 832 927 uiris
848 894 1058 927 habentibus
1072 904 1156 926 uasa
1171 893 1224 925 in-

386 950 532 983 “teritus
546 949 581 982 in
598 948 755 982 manibus
771 948 849 981 suis.
900 947 1062 981 Tramite
1075 950 1143 992 per
1156 958 1224 980 me-

385 1006 400 1021 “
412 1004 504 1036 diam
519 1002 702 1044 ciuitatem,
724 1005 829 1046 super
851 1012 951 1045 quam
976 1000 1066 1043 [non]
1088 1001 1224 1033 inuene-

385 1058 399 1074 ¹‘
412 1057 491 1089 ritis
510 1055 545 1088 T
542 1056 620 1088 hau.
636 1055 784 1088 Nemini
793 1058 919 1098 parcat
932 1054 1045 1088 oculus
1059 1058 1181 1093 uester,
1193 1058 1227 1086 et

384 1111 399 1128 ⁸
412 1120 433 1142 a
463 1109 656 1142 sanctuario
686 1119 758 1141 meo
788 1108 940 1152 incipite.
986 1107 1052 1140 Uir
1081 1107 1225 1140 uestitus
1291 1102 1327 1137 15

385 1164 399 1180 ¹⁴
415 1162 525 1202 lineis,
541 1162 673 1195 habens
688 1161 966 1194 atramentarium
982 1161 1163 1204 scriptoris
1179 1161 1224 1194 ad

385 1217 399 1234 “
411 1226 524 1256 renes,
541 1217 571 1248 is
585 1215 691 1249 debet
706 1226 781 1248 esse
798 1217 857 1259 qui
879 1215 1031 1260 loquitur
1046 1216 1101 1248 uir
1115 1216 1224 1248 uirtu-

385 1271 400 1287 “
413 1269 505 1302 tibus
527 1269 653 1307 uirens,
668 1269 779 1312 qualis
806 1275 881 1302 erat
894 1269 953 1302 ille
970 1269 1014 1302 de
1031 1279 1100 1312 quo
1114 1268 1224 1311 scrip-

385 1324 399 1340 “
413 1328 491 1355 tura
519 1323 621 1356 dicit:
651 1323 718 1356 Uir
739 1327 816 1356 erat
838 1323 875 1354 in
897 1327 994 1355 terra
1022 1322 1071 1356 Us
1094 1322 1225 1354 nomine

382 1375 397 1391 ‘⁶
411 1375 483 1418 Iob,
506 1379 541 1407 et
561 1380 638 1408 erat
662 1375 719 1408 uir
740 1376 854 1417 iustus,
877 1379 998 1417 rectus,
1020 1375 1166 1419 simplex
1192 1378 1226 1407 et
1286 1374 1328 1405 20

385 1429 400 1446 “
413 1429 532 1461 timens
563 1429 742 1461 Dominum
766 1433 799 1460 et
828 1428 984 1462 recedens
1007 1439 1029 1460 a
1057 1428 1145 1461 malo
1168 1438 1225 1460 ue-

385 1482 511 1514 “stitus
533 1482 630 1514 Ιίηείε
643 1481 666 1520 ¹,
696 1482 798 1522 idest,
831 1481 984 1515 honestis
1014 1482 1168 1515 moribus
1190 1487 1225 1515 et

382 1534 397 1550 ²
413 1535 512 1568 bonis
542 1535 704 1578 operibus
726 1536 823 1568 iuxta
845 1535 940 1578 quod
964 1534 1047 1568 alibi
1079 1535 1224 1568 dicitur:

386 1589 401 1606 ⁸
417 1587 520 1620 Omni
540 1592 692 1632 tempore
723 1589 921 1621 uestimenta
955 1593 1014 1620 tua
1047 1588 1117 1621 sint
1145 1600 1223 1622 can-

387 1642 520 1674 ‘dada’
544 1642 642 1682 idest,
666 1653 772 1685 opera
795 1647 854 1674 tua
877 1643 947 1675 sint
970 1642 1109 1675 munda.
1286 1640 1326 1672 25

472 1695 624 1728 “Linum
648 1696 739 1728 enim
763 1695 967 1728 munditiam
998 1700 1033 1728 et
1063 1696 1223 1728 honesta-

384 1749 478 1781 “tem
502 1749 662 1793 designat
684 1755 828 1792 propter
851 1749 992 1792 [carnis]
1016 1749 1223 1782 maceratio-

382 1801 398 1818 “
410 1812 487 1834 nem
504 1808 539 1834 et
554 1803 819 1836 contrictionem
836 1803 880 1836 ad
897 1813 998 1846 quam
1010 1802 1223 1846 perducitur,

385 1854 454 1887 “de
477 1865 545 1898 quo
567 1856 673 1888 uestis
694 1855 923 1888 sacerdotalis
946 1854 1066 1888 fiebat'
1082 1855 1118 1887 in
1133 1855 1223 1899 lege.

384 1909 399 1925 “
413 1907 572 1952 Scriptor
595 1915 709 1942 autem
732 1909 893 1954 egregius
911 1915 946 1942 et
960 1919 1139 1953 supremus
1154 1909 1224 1952 spi·
1285 1909 1328 1941 30

384 1960 498 1994 “ritus
519 1968 659 1994 sanctus
682 1967 744 2000 est,
768 1961 895 2006 digitus
916 1962 994 2001 Dei,
1010 1972 1079 2006 quo
1095 1962 1223 2005 scripte

386 2014 554 2047 “fuerunt
587 2014 654 2048 due
686 2015 803 2048 tabule
838 2016 1048 2054 testamenti,
1077 2016 1122 2048 de
1154 2025 1223 2059 quo

385 2069 399 2085 '⁴
409 2068 494 2101 dicit
507 2068 701 2112 psalmistas
720 2069 862 2112 Lingua
879 2081 964 2109 mea,
977 2070 1127 2103 calamus
1137 2070 1223 2102 scri-

383 2122 397 2138 “
414 2122 449 2153 be
471 2122 632 2155 uelociter
653 2123 828 2156 scribentis
839 2122 862 2156 ⁴.
909 2123 1019 2156 Huius
1043 2122 1223 2167 scriptoris

385 2176 399 2192 “
411 2176 691 2208 atramentarium
710 2182 760 2209 est
776 2177 903 2209 bonum
919 2177 1075 2216 scientie,
1093 2177 1137 2210 de
1153 2186 1222 2221 quo
1285 2174 1326 2208 35

385 2229 400 2245 “
411 2239 476 2271 per
499 2229 668 2261 calamum
683 2230 802 2274 lingue
819 2235 1047 2264 atramentum
1062 2229 1222 2263 doctrine

384 2283 398 2299 ‘⁴
411 2282 589 2324 profertur
611 2288 646 2315 et
667 2282 703 2314 in
725 2283 842 2316 cordis
861 2283 1131 2326 superscribitur
1145 2293 1224 2326 per-

384 2337 399 2353 ‘
411 2345 570 2379 gameno.
615 2335 656 2368 In
677 2336 818 2370 renibus
840 2344 955 2370 autem
978 2337 1073 2371 sedis
1095 2342 1147 2369 est
1162 2337 1223 2369 de-

384 2388 543 2428 “siderii,
567 2389 610 2422 de
634 2389 757 2433 quibus
779 2391 948 2423 Dominus
970 2391 1132 2435 precepit
1161 2400 1224 2433 per

385 2443 632 2485 '‘prophetam:
656 2443 771 2476 Renes
794 2447 921 2477 uestros
947 2444 1157 2487 accingetis3
1189 2449 1224 2476 et
1286 2444 1328 2475 40

383 2496 398 2512 “
410 2495 586 2538 psalmista
601 2496 723 2530 orabat
738 2497 783 2529 ad
800 2497 988 2530 Dominum
1003 2509 1011 2530 ε
1040 2497 1112 2531 Ure
1126 2508 1224 2531 renes

384 2550 498 2581 “meos
531 2553 565 2581 et
597 2559 655 2582 cor
689 2561 807 2582 meum.
854 2550 917 2583 Ille
951 2551 1081 2595 quippe
1114 2550 1223 2584 habet

468 2672 490 2690 1.
508 2665 594 2695 Deus,
612 2667 788 2697 svprascra'tto
810 2667 874 2693 Coa.
893 2681 925 2686 -
946 2673 970 2693 2.
988 2667 1066 2693 filius
1085 2676 1134 2693 non
1147 2667 1223 2693 fiilos

378 2705 474 2732 Gnun.
492 2721 525 2726 ——
544 2707 570 2732 8.
589 2708 690 2733 Thaun
712 2709 776 2734 Cod.
795 2722 828 2727 —
841 2717 868 2742 9.
881 2710 1036 2735 commotis
1050 2711 1115 2736 Coa.
1128 2710 1222 2735 invect

379 2749 409 2773 di
426 2751 535 2774 cunctis
553 2763 584 2768 —
602 2749 642 2776 18.
654 2752 722 2783 erat,
735 2753 796 2776 erat
809 2751 860 2776 llle
876 2753 939 2777 Cod.
954 2765 987 2769 —
1001 2759 1043 2784 30.
1057 2759 1222 2785 suppremus

382 2791 445 2816 Cod.
458 2805 491 2810 —
504 2798 546 2825 3²·
565 2793 669 2824 tabule,
687 2795 718 2819 al
735 2794 860 2826 margine
878 2795 1018 2825 superiore
1036 2795 1078 2819 col
1089 2794 1220 2820 ri'chiamo

383 2834 446 2858 Coa.
1294 2841 1308 2868 5

467 2976 475 2994 ¹
494 2978 610 3010 Ezacn..
628 2979 676 3011 IX,
700 2989 725 3013 4.
1411 2979 1422 2997 ³
1441 2982 1552 3014 Eccles„
1572 2982 1624 3013 lx,
1642 2981 1659 3006 8

467 3019 478 3036 ἵ
496 3020 563 3049 101³..
583 3022 602 3053 1,
626 3029 648 3047 1.
1412 3021 1423 3037 ⁴
1442 3025 1553 3055 Palm..
1573 3025 1621 3054 XI,
1644 3032 1667 3050 1.
