2320 3444
41 208 44 212 ’
67 235 70 238 -
129 220 182 258 [Α.
202 221 296 257 1226]

913 216 1117 252 CHRONI
1121 217 1192 253 CA

134 348 149 366 “
159 352 198 380 tu
221 357 292 380 non
307 346 414 380 multo
430 346 568 390 plenius
583 347 616 379 ei
631 347 858 390 responderis
873 359 974 392 quam

132 402 248 433 “unus
271 400 315 433 de
339 399 530 433 curialibus
553 401 683 433 nostris
698 401 815 433 fueras
830 411 976 444 respon-

75 496 79 499 Α
130 453 245 486 ‘sum-
290 453 451 497 Denique
483 463 562 486 cum
583 453 673 485 inter
704 459 823 487 cetera
846 454 975 487 dixeris

131 507 271 540 “eidem
295 507 474 549 episcopo,
505 507 601 550 quod
631 517 696 549 per
726 508 866 540 nuntios
896 513 974 540 tuos

60 588 62 590 .
130 561 246 603 ‘quos
268 560 314 592 ad
337 560 549 603 presentiam
573 565 725 592 nostram
750 559 896 593 mictere
921 561 973 593 di-

71 611 78 615 '
130 612 333 656 “sponebas
366 613 467 646 nobis
499 624 602 656 super
629 613 696 645 hiis
718 612 877 646 omnibus
898 614 972 656 ple-

131 667 256 699 “narie
289 667 532 710 responderes,
561 666 666 699 iidem
698 666 810 699 nuntii
840 666 972 699 nullum

130 721 146 738 ⁸
157 721 311 764 plenum,
324 720 456 753 nullum
467 721 616 753 attulere
629 729 842 762 responsum.
875 719 973 758 Quid

130 775 226 807 “tam
258 774 319 807 diu
354 774 523 817 patientie
557 779 675 806 nostre
702 773 974 816 longanimitatis

127 826 143 845 ⁸
157 827 338 860 abuteris?
386 827 483 866 Quid
531 833 678 860 matrem
717 828 913 869 aspernaris
935 827 972 858 in

127 880 142 897 ⁸
155 881 343 924 prosperis,
367 881 466 914 cuius
477 880 596 914 suxisti
608 879 721 913 ubera
737 880 773 912 in
788 879 971 913 aduersis?

128 933 211 967 “An
235 935 350 968 credis
373 935 468 978 quod
489 945 554 978 pro
577 933 689 966 Terre
719 939 841 966 sancte
865 944 971 977 nego-

127 989 205 1022 “tio
227 989 342 1021 omnia
365 987 429 1020 sub
453 987 726 1020 dissimulatione
750 986 897 1019 transire
912 998 971 1019 ue-

127 1042 143 1059 “
157 1041 282 1074 limus?
307 1040 607 1074 Dissimulauimus
624 1045 719 1072 certe
736 1050 800 1082 pro
816 1040 893 1083 ipso
908 1051 970 1072 ne-

1040 829 1078 860 10

1134 352 1202 393 per
1221 349 1393 382 abbatiam
1416 349 1549 392 solidos,
1573 350 1639 383 tibi
1660 355 1694 383 et
1709 352 1915 383 monasterio
1930 356 1987 384 tuo

1135 403 1290 435 duximus
1312 403 1554 445 confirmanda.
1599 403 1722 446 ,Quare
1735 405 1933 437 mandamus
1944 406 1986 446 fi-

1134 456 1270 488 delitati
1290 461 1356 498 tue,
1379 461 1542 500 quatenus
1564 457 1664 490 ductis
1678 457 1808 490 iuribus
1831 463 1865 490 et
1880 459 1986 490 ratio-

1132 510 1229 542 nibus
1251 513 1317 552 per
1339 514 1372 542 te
1395 514 1430 542 et
1452 511 1607 552 officiatos
1622 515 1695 543 tuos
1716 511 1770 543 uti
1789 512 1916 550 debeas,
1939 512 1986 544 si-

1133 567 1190 594 cut
1210 565 1278 606 per
1299 563 1549 606 inquisitionem
1576 565 1690 607 ipsam
1720 564 1880 608 legitime
1907 570 1986 597 sunt

1131 616 1289 659 probata.
1335 616 1466 648 Datum
1490 616 1617 659 agie,
1641 621 1702 650 etc.

1221 669 1376 702 Indulxit
1390 675 1474 702 tunc
1490 671 1595 702 etiam
1620 671 1818 714 Imperator
1833 671 1900 713 ipsi
1915 671 1982 704 Ca-

1134 722 1262 755 sinensi
1285 722 1415 762 abbati,
1438 728 1476 755 ut
1506 724 1664 756 homines
1694 730 1787 757 terre
1818 735 1878 757 sue
1908 724 1982 768 ipse

1133 776 1286 809 mitteret
1307 777 1353 808 ad
1377 787 1464 819 opus
1487 777 1622 810 castelli
1648 778 1783 816 Gaiete,
1807 779 1896 812 sicut
1919 788 1984 822 per

1131 829 1344 861 Pandulfum
1367 836 1402 862 et
1424 829 1653 868 Robbertum,
1677 831 1834 864 dominos
1850 831 1982 874 Aquini

1131 883 1301 915 hactenus
1324 883 1556 916 mittebantur.

1220 935 1396 968 Honorius
1419 947 1512 979 papa
1531 936 1678 970 Iohanni
1701 938 1776 982 regi
1806 938 1980 982 quondam

1131 989 1433 1022 lherosolimitano
1457 1001 1521 1032 pro
1545 991 1615 1023 vite
1638 1001 1699 1023 sue
1729 993 1980 1025 sustentatione

1130 1048 1260 1075 terram
1283 1043 1466 1076 committit
1490 1043 1640 1076 ecclesie
1664 1055 1684 1076 a
1707 1044 1855 1079 Uiterbo
1870 1057 1979 1089 usque

1900 219 1967 254 141
2002 230 2076 255 Mum,
2086 236 2119 251 cc.
2138 236 2212 252 mor-2

127 1096 251 1139 “gotio
275 1094 378 1127 etiam
402 1105 454 1136 ea,
478 1104 545 1137 que
568 1099 691 1126 contra
724 1093 818 1125 idem
851 1093 970 1126 fecisti
1038 1094 1075 1127 15
1131 1096 1177 1128 ad
1201 1095 1359 1129 Montem
1383 1096 1590 1129 Flasconem
1605 1097 1628 1130 ².

129 1148 332 1193 “negotium
357 1157 561 1181 succursum
592 1146 666 1179 eius
690 1147 735 1180 de
763 1147 910 1180 termino
933 1147 968 1179 in
1220 1150 1392 1183 Henricus
1404 1151 1448 1183 de
1460 1150 1581 1183 Morra
1597 1151 1766 1195 Magister
1780 1153 1980 1186 iustitiarius
2007 1154 2106 1201 Ascfffgs
2133 1155 2219 1201 {¹51⁸st

126 1202 340 1236 “terminum
363 1200 575 1239 differendo,
598 1201 692 1233 unde
716 1205 785 1233 tam
807 1211 871 1243 pro
893 1201 970 1244 ipso
1129 1203 1364 1245 a[u]ctoritate
1395 1204 1579 1247 imperiali,
1611 1212 1732 1238 contra
1762 1205 1980 1239 forbannitos
2026 1184 2218 1231 ¹522„-„-‘551-2,5,1⁴”¹

122 1256 296 1300 “negotio
319 1265 422 1300 quam
453 1265 518 1298 pro
541 1254 618 1287 aliis
641 1265 708 1298 que
739 1254 831 1287 illius
865 1263 970 1286 causa
1130 1263 1164 1290 et
1187 1258 1320 1290 lusores
1343 1257 1552 1297 taxillorum,
1583 1263 1618 1290 et
1648 1265 1770 1291 euntes
1800 1260 1979 1292 nocturnis

124 1309 216 1343 “sub
261 1310 535 1343 dissimulatione
581 1309 804 1342 transiuimus
841 1319 968 1352 graues
1130 1311 1234 1348 horis,
1258 1316 1336 1353 post
1360 1311 1498 1343 tertium
1531 1321 1701 1354 campane
1731 1313 1889 1354 sonitum,
1919 1323 1980 1345 sua

123 1366 139 1383 ⁸
151 1375 245 1397 nunc
268 1364 482 1397 anxietatum
511 1364 690 1407 angustias
723 1363 968 1395 substinemus.
1033 1364 1074 1395 20
1129 1369 1256 1397 statuta
1271 1365 1383 1397 edidit
1396 1364 1433 1396 in
1450 1364 1580 1397 Sancto
1598 1365 1790 1402 German03
1804 1376 1845 1397 ac
1858 1372 1980 1398 contra

122 1417 137 1434 ⁸
153 1415 234 1456 Quo
257 1417 352 1450 enim
374 1418 499 1450 timore
523 1427 564 1450 ac
589 1417 712 1450 dolore
744 1417 848 1449 animi
873 1427 967 1450 com·
1129 1418 1359 1451 taberna'rios
1381 1419 1498 1457 etiam,
1521 1424 1559 1451 ut
1590 1419 1635 1451 ad
1665 1420 1857 1452 secundum
1889 1430 1980 1452 cam·
2073 1437 2093 1452 c.
2109 1436 2156 1454 ιον

123 1474 253 1515 “putas
268 1482 332 1505 nos
347 1471 544 1504 meminisse
561 1471 783 1509 discriminis,
807 1481 884 1503 curn
902 1470 966 1503 tibi
1128 1482 1218 1514 pane
1242 1472 1390 1504 sonitum
1422 1472 1587 1504 claudant
1616 1472 1779 1506 tabernas
1808 1483 1898 1512 suas,
1929 1473 1979 1506 ita

124 1526 294 1559 “nimium
328 1526 531 1559 differendo
569 1525 744 1568 arguimur
767 1525 967 1567 exposuisse
1129 1526 1223 1568 quod
1253 1526 1299 1558 ad
1331 1526 1469 1558 tertium
1505 1536 1673 1568 campane
1703 1526 1851 1558 sonitum
1883 1526 1978 1558 nulla

122 1580 237 1614 “illud
260 1579 439 1613 modicum
462 1584 555 1611 terre
578 1578 672 1621 quod
703 1577 892 1611 Christiani
914 1583 969 1610 te-·
1129 1589 1246 1612 earum
1271 1586 1391 1622 aperta
1406 1579 1524 1611 ualeat
1546 1580 1706 1612 inueniri.
1731 1580 1776 1612 Et
1792 1590 1896 1622 super
1913 1580 1979 1611 hiis

124 1635 236 1666 ‘nent
257 1633 291 1665 in
315 1632 472 1676 partibus
501 1631 770 1665 transmarinis?
802 1631 884 1670 Quo
910 1644 968 1665 ru-
1031 1633 1072 1665 25
1128 1633 1347 1677 inquirendis
1371 1638 1504 1665 certum
1529 1633 1647 1665 statuit
1677 1644 1858 1665 numerum
1889 1633 1978 1665 iura-

123 1689 232 1722 “bore
255 1688 331 1720 siue
354 1686 472 1720 cordis
488 1686 562 1718 siue
581 1685 738 1728 corporis
760 1685 886 1718 intueri
902 1684 966 1720 Sa-
1126 1695 1250 1726 torum,
1267 1687 1325 1730 qui
1342 1696 1452 1729 penas
1468 1692 1612 1719 statutas
1628 1698 1648 1719 a
1665 1686 1978 1730 transgressoribus

122 1741 370 1780 ‘lernitanum,
395 1740 664 1778 Brundusinam,
702 1740 901 1774 Consanum
933 1747 967 1774 et
1127 1741 1298 1784 recipiant
1320 1750 1385 1783 pro
1415 1741 1557 1772 diuersa
1586 1740 1765 1772 criminum
1797 1740 1975 1782 qualitate.

122 1798 137 1814 ‘⁴
149 1795 377 1829 Tarentinum
400 1795 688 1838 archiepiscopos
704 1801 740 1828 et
755 1794 967 1828 Cathanien-
1128 1794 1236 1833 Quod
1259 1795 1287 1827 si
1304 1794 1429 1837 aliquis
1446 1794 1634 1826 iuratorum
1651 1794 1687 1826 in
1705 1794 1788 1826 dolo
1804 1805 1865 1826 seu
1882 1794 1976 1826 frau-
2006 1794 2215 1842 P’c‘5155'¹22d¹}2523

121 1851 232 1889 “sem,
256 1849 474 1883 Auersanum
507 1856 541 1882 et
565 1848 867 1892 Cephaludensem
891 1849 964 1892 epi·
1126 1850 1171 1882 de
1193 1848 1252 1881 uel
1275 1848 1491 1892 negligentia
1513 1848 1620 1880 fuerit
1644 1847 1892 1890 deprehensus,
1915 1857 1976 1889 pe·
2033 1849 2154 1869 Gemm-

119 1903 135 1921 ⁸
149 1914 286 1947 scopos,
309 1914 376 1937 nec
408 1915 478 1937 non
509 1903 677 1946 quosdam
709 1903 853 1937 abbates
875 1913 963 1946 quos
1029 1903 1071 1934 30
1125 1914 1204 1935 nam
1227 1901 1374 1944 recipiat
1397 1912 1499 1945 quam
1522 1902 1681 1944 recipere
1706 1901 1875 1934 deberent
1898 1912 1976 1943 pre-

121 1956 297 2000 “o[mne]s
319 1958 355 1990 in
386 1957 606 1990 manifestam
638 1956 799 1990 iniuriam
823 1956 965 1989 exulare
1126 1957 1223 1996 dicti,
1256 1956 1351 1989 salvo
1374 1955 1411 1988 in
1433 1955 1593 1988 omnibus
1622 1955 1786 1987 mandato
1818 1961 1852 1987 et
1883 1954 1974 1987 ordi-

122 2011 344 2054 “compellis,
378 2011 595 2043 carcer-ando
629 2009 778 2043 clericos
812 2016 847 2043 et
878 2009 964 2042 alios
1124 2010 1267 2042 natione
1289 2009 1474 2052 imperiali.

120 2067 135 2083 “
148 2064 386 2107 multipliciter
424 2063 646 2108 affligendo?
678 2062 866 2102 Quomodo
894 2064 963 2096 hoc
1212 2063 1309 2096 ldem
1332 2062 1502 2106 Magister
1524 2062 1728 2095 iustitiarius
1750 2072 1813 2104 per
1835 2068 1973 2104 apertas

120 2119 219 2152 “iam
252 2118 472 2153 dissimulare
507 2128 689 2162 possumus
725 2117 783 2161 qui
809 2127 879 2150 non
903 2127 964 2150 oc-
1124 2117 1256 2150 litteras
1278 2127 1358 2149 suas
1380 2117 1555 2149 concessit
1577 2116 1671 2149 dicto
1695 2115 1811 2148 abbati
1827 2115 1975 2157 Stepha-

122 2173 137 2190 “
149 2171 206 2205 cul
220 2171 231 2191 ¹
246 2170 264 2205 '.
1027 2170 1068 2203 35
1122 2181 1179 2210 no,
1201 2176 1239 2203 ut
1262 2170 1328 2203 sibi
1344 2170 1468 2203 liceret
1484 2170 1580 2203 iuxta
1604 2170 1788 2202 recordum
1805 2168 1972 2201 bonorum

174 2248 962 2260 eeeeeeeeeeeeeee

120 2334 136 2351 ‘⁴
147 2357 157 2366 .
170 2355 179 2365 .
192 2356 201 2366 .
215 2357 224 2366 .
240 2338 275 2366 ta
298 2332 563 2372 detrahentium,
578 2338 758 2376 sperantes
773 2332 961 2365 admodum

202 2484 227 2503 2.
246 2477 407 2502 curidribus
430 2476 493 2501 Cod.
506 2485 520 2501 e
533 2475 632 2502 GAun.
645 2489 678 2494 —
691 2483 736 2510 35.
748 2477 850 2501 Manca
866 2477 962 2509 Iafine

111 2521 293 2554 dell’apistola
306 2522 336 2547 di
348 2521 448 2547 Onorn'o
464 2522 517 2546 III
528 2521 591 2546 cod.
605 2534 638 2539 —
657 2520 699 2553 36.
721 2522 822 2547 Manca
847 2521 870 2546 il
882 2521 961 2552 prin-

113 2567 183 2599 cipio
201 2567 276 2592 della
293 2568 393 2592 lettera
412 2567 442 2591 di
460 2566 590 2591 Federico
612 2566 649 2590 II
665 2565 729 2591 Cod-

1122 2224 1298 2256 hominum
1322 2222 1442 2256 Sancti
1466 2224 1632 2256 Germani
1647 2223 1829 2266 generales
1846 2221 1972 2254 nundi-

1121 2288 1185 2310 nas
1207 2288 1272 2320 per
1293 2288 1433 2315 annum,
1457 2288 1524 2320 quo
1548 2283 1706 2319 tempore
1728 2275 1847 2312 uellet,
1880 2275 1972 2307 ordi-

1122 2341 1206 2364 nare
1229 2331 1264 2363 in
1286 2331 1362 2373 ipsa
1384 2337 1476 2364 terra
1498 2329 1621 2363 Sancti
1646 2330 1824 2362 Germani.

1211 2482 1236 2507 7.
1256 2475 1381 2501 indulsit
1401 2475 1485 2504 Uen„
1504 2475 1567 2500 Dm⁴
1586 2474 1630 2498 Rs

1066 2727 1174 2754 “habet
1193 2728 1324 2754 Romana
1342 2728 1462 2754 ecclesia
1481 2735 1498 2752 a
1516 2726 1700 2752 Radicosano
1720 2732 1807 2757 usque
1831 2724 1970 2753 Romam,

1063 2771 1209 2805 “excepta
1230 2772 1355 2796 marehla
1375 2771 1572 2799 Anconstana,
1601 2769 1705 2793 ducatu
1731 2768 1851 2800 Spoleti,
1878 2767 1969 2791 Reate

1064 2812 1122 2838 “ac
1148 2814 1291 2840 Sabina..
1304 2833 1308 2838 .
1321 2830 1327 2838 .
1355 2813 1527 2838 nominatim
1553 2811 1775 2838 Radicosanum,
1803 2810 1968 2839 Precenam,

1065 2856 1079 2869 “
1090 2856 1354 2888 Aquapendentem,
1369 2856 1495 2879 Montem
1509 2854 1671 2883 flasconem,
1685 2852 1818 2883 Martum,
1831 2852 1969 2876 Valente·
2000 2856 2028 2881 15

1067 2898 1080 2912 a
1092 2905 1165 2927 nam,
1186 2899 1310 2923 insulam
1330 2897 1498 2925 Martanam,
1519 2902 1582 2920 cum
1601 2895 1670 2919 allis
1684 2894 1766 2923 locis,
1780 2901 1833 2926 que
1847 2894 1881 2918 ab
1896 2893 1966 2917 olim

1067 2941 1302 2965 “consueverunt
1328 2938 1526 2964 iurisdictionl
1553 2937 1704 2962 castellani
1732 2936 1842 2960 Montis
1868 2936 1968 2960 flasco-

1068 2983 1138 3008 “nis
1148 3001 1246 3015 ......
1271 2982 1301 3006 su
1324 2982 1394 3006 satta
1415 2981 1449 3005 da
1474 2979 1587 3004 Onorlo
1618 2978 1657 3003 111
1678 2979 1699 3003 ll
1720 2985 1753 3011 ²7
1772 2978 1794 3009 1,
1821 2983 1902 3011 ¹²²7=
1929 2978 1968 3003 cf.

1066 3025 1257 3055 Roosusano,
1278 3025 1298 3053 I,
1319 3032 1346 3049 n.
1366 3031 1425 3056 339,
1445 3030 1491 3056 pp.
1514 3022 1630 3055 257·58·,
1651 3022 1815 3049 I'or'rnAsr.
1836 3028 1862 3044 n.
1889 3019 1967 3052 7658.

200 2727 208 2744 ¹
228 2729 269 2754 La
288 2729 391 2754 lettera
411 2736 510 2754 manca
529 2728 575 2753 del
596 2729 711 2761 seguito
731 2736 746 2754 e
765 2729 789 2754 sl
809 2727 867 2761 ριιὸ
893 2737 1011 2762 pensare

18 2771 19 2774 ’
68 2774 83 2802 ς
108 2771 160 2797 che
178 2771 350 2805 l’ortglnale,
370 2771 464 2797 donde
483 2769 570 2804 cepio
584 2771 605 2795 ll
621 2772 722 2796 nostro
735 2778 918 2802 amanuense,
933 2779 1010 2797 man—

109 2821 187 2839 casse
205 2821 274 2848 pure
294 2814 324 2839 dl
343 2821 400 2839 una
418 2820 506 2843 carta.
527 2815 701 2839 contenente
719 2813 747 2838 la
774 2813 828 2839 line
853 2814 884 2839 dl
910 2816 1010 2847 questa

107 2856 211 2880 lettera
236 2863 251 2880 e
277 2855 299 2880 11
324 2856 471 2889 princlplo
496 2855 574 2880 della
603 2855 729 2888 rlsposta
755 2855 1010 2888 dell’lmperatore.

106 2897 139 2923 111
154 2899 291 2928 asumma,
312 2905 338 2922 n.
359 2896 446 2930 ¹4⁶19
458 2896 473 2923 δ
488 2899 629 2931 rIportata
645 2904 727 2922 senza
743 2898 819 2927 data,
833 2905 878 2923 ma
888 2899 968 2931 dopo
988 2898 1010 2924 11

109 2946 142 2972 19
159 2939 207 2969 1v.
229 2938 309 2969 12263
330 2939 379 2972 pli:
396 2941 657 2973 opportunamente
678 2939 698 2963 il
719 2939 857 2964 Paoluccl
885 2940 913 2966 la
933 2947 1010 2974 pone

52 2990 86 3010 ιο
109 2984 137 3008 ιι
158 2983 244 3015 prlml
265 2982 343 3007 dello
362 2983 453 3007 stesso
473 2989 556 3007 mese.

198 3023 210 3041 ²
234 3023 274 3050 La
299 3025 461 3050 don-zione
487 3025 515 3049 di
542 3025 658 3049 “totum
684 3024 903 3057 patrimonium,
929 3026 1005 3057 quod
