2320 3444
26 1679 82 1721 's

15 1919 22 1937 .·
50 1907 84 1926 10

1 2088 20 2154 ,ζ
51 2120 82 2147 1⁵

15 2315 26 2331 ⁵
48 2330 82 2350 ao

19 2523 80 2577 132⁵

10 2731 23 2770 1,
47 2755 82 2783 ³0

46 2968 79 2996 33

119 212 171 249 [Α.
191 212 288 248 12³2]

901 207 1180 244 CHRONICA

206 337 330 371 Mense
354 337 566 381 Septembris
587 339 779 381 Imperator
793 350 814 372 3
830 339 948 372 Melfia
970 340 1067 372 uenit
1090 339 1245 384 Fogiam,
1269 345 1303 372 et
1317 339 1501 384 generales
1516 350 1581 381 per
1595 345 1704 372 totum
1721 339 1884 383 Regnum
1900 339 1956 371 lit-

118 498 242 532 Monte
265 498 364 531 miles
378 497 399 531 ¹.

67 416 76 421 .-
117 398 211 425 teme
233 391 360 435 dirigit,
382 397 421 424 ut
444 392 490 424 de
516 391 671 435 qualibet
694 392 838 425 ciuitate
869 393 926 425 uel
950 399 1064 426 castro
1096 392 1166 425 duo
1189 393 1233 425 de
1257 393 1460 426 melioribus
1481 394 1653 426 accedant
1679 393 1726 426 ad
1755 393 1867 435 ipsum
1891 403 1955 435 pro

48 447 67 490 '3'
117 444 263 478 utilitate
287 445 405 488 Regni
429 450 464 478 et
488 445 673 478 commodo
695 446 861 488 generali,
885 446 930 478 ad
946 456 1047 489 quem
1072 456 1136 488 pro
1158 452 1252 478 terra
1275 446 1396 479 Sancti
1429 445 1596 479 Germani
1618 445 1680 479 iuit
1702 446 1888 479 Roflridus
1911 446 1955 478 de

209 553 364 586 Fodrum
387 552 432 586 de
456 553 582 597 Regno
605 553 699 585 iussu
721 552 945 595 Imperatoris
968 559 1052 596 aput
1074 554 1271 596 Anagniam
1296 553 1440 586 mittitur
1463 553 1509 586 ad
1533 553 1708 586 dominum
1732 564 1869 596 papam.

205 605 327 638 Mense
350 605 513 639 Octobris
535 606 570 638 in
593 605 720 639 Sancto
745 606 919 639 Germano
943 606 1136 639 huiusmodi
1159 613 1238 639 sunt
1261 606 1459 649 imperiales
1482 604 1616 639 Ascieie
1639 605 1827 649 publicate.

206 658 307 692 Ciues
329 659 366 691 in
388 659 494 692 terris
516 670 631 692 eorum
655 662 722 702 pro
744 659 908 692 mercibus
937 660 1007 692 suis
1037 670 1120 702 quas
1141 660 1370 692 intromittent
1392 660 1449 691 uel
1475 661 1655 692 extrahent
1683 660 1791 692 nichil
1817 660 1955 702 soluent,

114 712 183 745 mlvi
201 713 292 756 quod
311 713 391 745 olim
413 713 594 746 soluebant.
631 712 688 746 De
708 713 828 756 pomis,
843 714 1016 754 castaneis,
1034 714 1180 751 nucibus,
1195 712 1368 752 auellamk,
1386 717 1420 745 et
1434 713 1512 745 aliis
1518 752 1524 756 ,
1526 714 1696 754 fructibus
1710 715 1746 745 in
1761 713 1838 746 iure
1855 713 1958 746 Curie

113 766 308 799 seruabitur
320 765 445 810 forma
467 766 606 809 antiqua
613 764 635 798 ⁸.
667 765 728 798 Ius
750 767 920 799 coriorum
934 770 1002 810 pro
1018 771 1202 799 conzatura
1216 766 1405 798 dimittitur
1419 767 1455 799 in
1472 767 1588 809 sorma
1603 767 1743 810 antiqua
1757 766 1780 799 ³.
1810 767 1957 800 Factum

44 815 93 852 3110
115 819 259 863 canapis
276 820 414 852 omnino
436 820 627 852 remittitur
638 818 659 852 ⁴.
712 818 938 852 Uendentibus
960 820 1087 858 uinum,
1109 821 1182 852 siue
1211 820 1260 852 ad
1287 821 1452 852 minutum
1482 822 1555 852 st'ue
1585 821 1632 852 ad
1659 831 1818 857 crossum,
1850 820 1957 852 nichil

110 873 312 916 requiritur,
335 877 386 905 set
407 874 442 905 in
465 873 513 905 eis
533 872 728 905 seruabitur
742 871 866 916 forma
888 874 1027 916 antiqua
1039 872 1061 905 ⁵.
1105 872 1245 905 Statera
1267 874 1335 905 erit
1357 874 1393 905 iu
1406 873 1577 916 sandicis,
1590 877 1623 905 et
1645 873 1753 905 nichil
1763 874 1956 917 recipietur

113 928 182 970 pro
204 937 255 964 ea,
271 936 332 958 nec
346 926 495 969 amplius
507 929 577 970 pro
592 930 734 958 cantaro
750 937 848 969 quam
861 937 979 969 grana
992 927 1063 958 iiiii
1072 924 1093 958 ⁰.
1138 927 1213 958 Pro
1229 925 1401 959 herbatico
1416 927 1622 964 animalium,
1641 926 1834 959 uenditione
1856 938 1956 970 equo-

112 973 189 1011 rum
212 983 246 1011 et
266 979 411 1011 aliorum
434 978 630 1011 animalium
652 978 813 1011 similiter
834 979 1028 1012 seruabitur
1049 977 1166 1019 forma
1190 979 1333 1022 antiqua
1345 978 1366 1011 ⁷.
1402 977 1436 1010 A
1458 979 1685 1022 piscatoribus
1715 979 1822 1012 nichil
1840 980 1955 1023 requi-

112 1031 217 1071 ritur,
240 1032 309 1064 nisi
328 1032 507 1064 secundum
521 1030 679 1076 sormam
703 1032 878 1075 antiquam
889 1031 912 1067 ⁸.
958 1033 1034 1065 Pro
1049 1033 1126 1065 iure
1149 1043 1384 1064 mensurarum
1399 1033 1556 1064 uictualii
1570 1038 1640 1064 tam
1663 1033 1699 1064 in
1713 1044 1832 1064 sauma
1855 1044 1955 1076 quam

22 1079 30 1129 ss
50 1083 88 1119 15
111 1085 148 1117 in
170 1085 308 1117 cuminis
328 1085 522 1118 seruabitur
535 1085 655 1124 forma
676 1086 817 1128 antiqua
829 1084 851 1117 ⁹.
896 1085 953 1118 De
974 1086 1051 1118 iure
1073 1086 1216 1118 casatici
1234 1085 1378 1117 remissa
1399 1090 1477 1117 sunt
1488 1096 1610 1128 grana
1634 1085 1677 1117 iii
1687 1088 1756 1128 pro
1771 1085 1880 1123 uncia,
1905 1086 1954 1118 ita

110 1139 202 1182 quod
222 1138 462 1171 mercatoribus
483 1139 546 1182 qui
565 1143 665 1170 erunt
685 1141 753 1182 pro
776 1139 834 1178 eis,
855 1139 1097 1183 prouidebitur
1119 1150 1141 1171 a
1163 1139 1352 1171 custodibus
1366 1138 1521 1182 fiandaci
1541 1139 1578 1171 iu
1600 1138 1704 1176 lectis,
1729 1139 1952 1171 luminaribus

112 1192 215 1236 palea
236 1196 270 1224 et
291 1191 402 1235 lignis
415 1191 452 1224 ¹⁰.

498 1191 553 1224 De
574 1192 652 1224 iure
674 1192 904 1225 bucceriorum
923 1195 994 1236 pro
1016 1193 1106 1232 boue,
1130 1193 1187 1226 uel
1200 1203 1303 1225 uacca
1317 1193 1540 1225 remittuntur
1551 1203 1672 1236 grana
1695 1192 1746 1231 iii,
1761 1196 1828 1236 pro
1849 1196 1955 1236 porco

109 1255 230 1289 grana
245 1245 296 1283 iii,
310 1249 379 1290 pro
394 1245 503 1278 ariete
517 1255 638 1288 grana
653 1246 691 1285 ii,
708 1249 774 1289 pro
790 1257 883 1290 agno
896 1257 1016 1290 grana
1031 1246 1060 1278 ii
1072 1245 1107 1278 ¹¹.
1139 1247 1195 1278 De
1210 1246 1370 1284 tunninis,
1386 1251 1418 1278 et
1431 1246 1591 1278 sardellis
1605 1246 1808 1278 seruabatur
1814 1246 1950 1289 forma,

111 1299 251 1342 antiqua
265 1298 300 1331 ¹'.

30 1334 33 1337 ,
346 1298 400 1331 De
422 1299 498 1332 iure
520 1299 586 1331 lini
605 1299 694 1331 idem
717 1300 760 1332 de
782 1302 859 1332 iure
880 1309 1065 1332 cannarum
1087 1299 1187 1342 idem,
1211 1300 1252 1332 de
1275 1299 1355 1332 lana
1376 1299 1476 1343 Syrie
1499 1300 1599 1338 idem,
1623 1300 1664 1331 de
1687 1299 1842 1331 bombace
1863 1300 1954 1331 simi-

34 1345 88 1387 '20
111 1352 193 1385 liter
206 1351 241 1391 ¹⁸,
265 1356 300 1385 et
321 1353 363 1385 de
382 1363 468 1386 arcu
490 1353 635 1385 coctom‘s
657 1353 746 1385 idem
760 1351 795 1386 ¹⁴.

200 1472 225 1498 3.
245 1465 279 1490 de
297 1466 372 1490 terra
390 1473 440 1490 non
458 1473 510 1499 pro
528 1466 603 1490 terra
623 1464 710 1497 Uen„
727 1466 792 1490 Dm.
810 1466 855 1491 Ra
873 1480 906 1484 —
927 1473 968 1495 ιο,
991 1472 1020 1491 ιι
1041 1474 1056 1491 e
1079 1473 1119 1499 ¹3·
1138 1466 1213 1491 nihil
1233 1466 1318 1495 Uen„
1336 1467 1401 1491 Dar.
1419 1465 1472 1495 Ra,
1491 1465 1590 1490 Pan-rz
1610 1474 1624 1490 e
1643 1466 1739 1491 GAuo.
1757 1479 1790 1483 —
1818 1465 1858 1490 16.
1878 1466 1954 1497 quod

114 1507 318 1533 mercatoribus
329 1508 507 1538 soprascritto
519 1516 565 1533 con
583 1506 713 1533 rirkiamo
726 1508 934 1534 nell'interlineo
956 1508 1018 1533 Cod.
1040 1522 1069 1526 -
1094 1509 1183 1540 17·18.
1202 1516 1254 1541 pro
1274 1516 1361 1542 porco
1381 1515 1470 1540 grana
1487 1514 1527 1533 ιιι
1540 1516 1633 1532 manca
1651 1508 1749 1532 Pssxrz
1768 1516 1782 1532 e
1800 1506 1896 1533 GAun.
1917 1522 1949 1526 —

117 1549 156 1575 18.
174 1550 296 1575 tumlnis
314 1558 364 1575 non
382 1550 518 1575 tunninis
537 1550 633 1575 Paarz
653 1559 666 1575 e
686 1550 780 1576 GAuu.
800 1564 833 1570 -
854 1557 943 1583 19-20.
961 1551 1098 1576 similiter
1116 1559 1210 1576 manca
1229 1552 1303 1576 Uen.
1322 1559 1336 1575 e
1355 1550 1417 1575 Dm.
1435 1550 1480 1574 RE

198 1646 208 1664 ¹
227 1647 270 1677 Se,
290 1655 370 1673 come
382 1655 458 1681 pare,
471 1647 492 1672 ll
506 1648 600 1673 milite
613 1644 746 1674 Roffredo
760 1649 789 1674 di
803 1649 912 1679 Monte,
925 1656 1002 1674 man-

110 1690 179 1715 dato
198 1698 214 1715 3
227 1689 337 1723 Foggla
350 1689 386 1715 da
399 1689 426 1715 S.
440 1689 593 1720 Germano,
607 1691 776 1716 s’identifzca
790 1692 834 1716 col
848 1693 1003 1717 testimone

110 1732 161 1757 che
178 1733 323 1758 trovimo
343 1733 374 1757 in
393 1740 450 1757 una
469 1735 548 1757 carta
567 1734 681 1766 prIvata
699 1733 746 1758 dei
765 1738 797 1765 25
817 1733 852 1763 V,
871 1740 946 1768 1275,
961 1733 976 1759 ὲ
989 1742 1004 1759 a

110 1775 232 1799 ritenere
250 1775 301 1800 che
321 1775 367 1799 nel
388 1781 454 1807 1232
475 1775 534 1808 egli
554 1777 684 1800 contasse
703 1776 779 1801 circa
798 1783 856 1801 una
875 1778 1004 1802 trentina

109 1817 216 1842 d’mnl.
253 1817 298 1843 Cf.
319 1817 440 1850 Regesto
452 1818 483 1843 di
494 1817 647 1843 Toumso
660 1819 778 1848 Decano,
799 1822 845 1853 pp.
864 1825 924 1852 227,
941 1820 1001 1845 228.

199 1858 210 1875 ⁸
229 1850 251 1884 E
269 1861 345 1885 assai
364 1860 514 1892 probabile
532 1861 583 1885 che
609 1861 683 1886 nelle
707 1862 826 1886 riforme
849 1862 1002 1887 tributarie

111 1910 170 1929 non
189 1903 214 1928 si
232 1905 276 1928 alo.
294 1905 396 1928 tenuto
416 1905 506 1928 conto
532 1904 577 1928 dei
604 1904 741 1936 privilegi
768 1905 920 1930 conceduti
948 1906 1003 1930 alle

110 1946 190 1971 urle
207 1943 280 1970 citt&
297 1945 336 1970 fin
350 1945 398 1970 dai
411 1946 500 1978 templ
515 1946 544 1970 di
558 1946 723 1979 Guglielmo
737 1946 763 1972 11
775 1954 790 1972 e
803 1947 941 1980 d’Arrigo
955 1948 1003 1973 VI.

109 1989 180 2014 Pare
198 1988 250 2012 che
267 1988 387 2013 Pantica
405 1989 483 2013 tassa
501 1988 573 2013 suile
594 1989 684 2014 frutta
702 1990 745 2014 sla
758 1981 834 2015 stata
848 1990 875 2015 dl
891 1998 930 2015 un
943 1992 1000 2015 tari

110 2038 160 2063 per
179 2030 283 2055 stimat
298 2030 311 2043 ‘¹
321 2029 376 2054 Pro
390 2030 518 2062 qualibet
533 2030 623 2055 salma
634 2033 837 2061 castanearum,
851 2039 954 2056 nucum
972 2035 1001 2057 et

111 2071 340 2101 “evellanarum,
365 2072 572 2104 amigdolarum
599 2081 630 2098 nc
655 2074 779 2099 aliorum
805 2075 928 2099 fructum
948 2075 1003 2099 soi-

111 2113 125 2128 “
136 2116 218 2140 vetur
236 2115 313 2140 curie
330 2117 460 2140 tarenum
475 2122 486 2140 ι
500 2124 531 2148 „3
549 2115 777 2147 meutmmu,
790 2117 812 2147 Ι,
825 2118 890 2142 Exc.
904 2118 1003 2142 Massi-

109 2157 216 2187 ln‘ensia,
235 2164 263 2181 n.
284 2163 344 2190 790,
364 2165 391 2190 p.
410 2156 471 2188 617.

197 2197 208 2214 ³
226 2198 292 2223 Non
313 2199 446 2224 abbiamo
464 2199 577 2225 un‘idea
597 2200 694 2226 chiara
712 2201 757 2226 sul
776 2201 882 2227 diritto
898 2203 1002 2227 stataie

109 2242 256 2275 perceplto
276 2241 351 2266 sulla
365 2243 466 2267 conclu
485 2242 514 2266 di
535 2242 606 2275 pem
625 2250 640 2268 e
653 2243 683 2268 di
697 2245 771 2274 cuoi‚
785 2252 800 2269 3
814 2252 897 2270 meno
911 2245 962 2270 che
975 2246 1000 2269 sl

107 2284 192 2309 obivit
211 2291 228 2308 a
247 2284 369 2316 riserire,
389 2292 434 2309 ma
446 2282 461 2309 'e
474 2285 589 2315 dubbio,
602 2285 661 2310 3113,
681 2285 695 2298 “
706 2286 824 2311 Cabella
843 2287 965 2312 tintorie
978 2303 1002 2320 ,,.

195 2324 207 2342 ⁴
224 2325 249 2350 11
269 2326 373 2351 dlritto
392 2326 505 2352 abolito
525 2327 600 2352 sulla
618 2335 726 2361 canapo.
746 2329 876 2354 lavornta
895 2330 920 2354 si
934 2331 1002 2355 rife-

108 2367 179 2393 rince
197 2375 214 2392 a
227 2370 336 2400 quanto
350 2368 422 2393 s'era
430 2369 557 2401 imposte
571 2376 587 2394 a
599 2371 751 2403 proposito
765 2370 843 2396 della
858 2370 872 2384 “
883 2370 1002 2397 Cabeila

111 2410 125 2424 “
134 2417 215 2435 arcus
229 2411 360 2435 cuctonls
371 2419 401 2443 ,ς
413 2411 559 2436 rImaneva
572 2412 668 2444 quello
681 2412 726 2437 del
740 2413 914 2438 dodicesimo
928 2414 1002 2439 sulla

108 2458 206 2481 merce,
224 2452 276 2476 che
294 2451 405 2476 doveva
423 2452 559 2477 ciascuno
573 2460 589 2477 a
601 2454 715 2487 proprie
728 2461 807 2486 spese
820 2454 864 2479 far
877 2457 1001 2488 traspor-

107 2495 168 2519 ture
186 2494 233 2519 nei
253 2494 412 2528 mngazzinl
432 2494 509 2520 delio
527 2495 618 2520 Stato.
657 2495 828 2529 “Imperiali
850 2497 917 2522 fisco
937 2505 1002 2530 pars

111 2535 125 2549 “
135 2536 305 2562 duodecima
323 2537 476 2562 tribuatur.
489 2556 494 2562 .
506 2556 512 2562 .
525 2556 531 2562 .
551 2538 721 2563 duodecima
735 2539 853 2564 soluta..
862 2556 894 2572 ..,
912 2540 1002 2566 libera

109 2578 170 2604 “nit
183 2580 318 2604 omnibus
338 2580 462 2605 facultas
487 2581 639 2611 vendendi,
664 2581 689 2605 ι1
716 2581 872 2614 voluerint,
895 2583 1003 2616 reliqua

109 2620 163 2646 “et
187 2627 299 2647 omnem
326 2623 394 2647 inde
419 2622 626 2648 comoditatem
653 2631 730 2648 suam
758 2625 834 2649 inter
858 2631 887 2650 se
914 2626 1003 2651 iibere

111 2663 304 2696 “saciendlfl
323 2664 553 2695 menummc,
572 2665 594 2695 1,
612 2673 638 2691 n.
659 2665 720 2699 787,
738 2674 766 2700 p.
785 2665 845 2698 615.

196 2705 207 2722 ⁵
226 2706 267 2732 La
287 2708 379 2733 forma
399 2708 511 2741 antiqua
532 2716 599 2741 pare
617 2710 641 2734 si
663 2709 793 2734 riserlsca
816 2717 833 2735 a
851 2711 946 2736 dlritti
972 2711 1003 2736 di

109 2750 316 2782 importazione
335 2757 349 2774 e
369 2750 399 2775 di
419 2751 620 2784 esportazione
639 2750 684 2775 del
705 2752 785 2780 vino,
806 2753 935 2778 stabilite
955 2761 1005 2786 per

108 2792 135 2817 le
155 2791 287 2817 “cabelie
306 2792 418 2818 dohnne
438 2794 523 2818 maris
536 2812 548 2826 „
571 2802 584 2818 e
604 2793 617 2806 ‘¹
630 2794 742 2818 dohane
760 2796 835 2820 terre
845 2811 870 2828 ,,.

196 2831 208 2850 ⁶
227 2833 268 2859 Lu
286 2836 363 2860 tusa
381 2836 411 2860 di
431 2836 538 2860 statera
557 2843 575 2860 ο
595 2837 788 2868 ponderatum
807 2843 854 2862 era
872 2837 1003 2863 vaiutata

107 2877 202 2909 prima
220 2876 255 2901 ad
275 2884 312 2901 un
332 2878 388 2902 tari
409 2884 458 2911 per
479 2879 608 2908 cantaro,
633 2876 696 2902 cioe
722 2877 751 2902 ni
778 2878 897 2911 dopplo.
935 2878 1002 2905 “De

110 2918 272 2950 “bombice,
291 2920 396 2952 pipere.
415 2926 543 2951 zuccaro,
561 2927 633 2951 cera,
654 2921 761 2952 indico,
782 2921 849 2946 lana
868 2921 1003 2947 ultrama-

111 2959 126 2974 ‘¹
136 2962 200 2986 rina
217 2962 246 2986 et
259 2961 327 2986 aliis
339 2962 485 2994 speciebus
498 2962 580 2987 debet
593 2962 667 2987 solvi
682 2969 735 2995 pro
749 2963 950 2995 ponderatum.
960 2981 968 2989 .
979 2983 984 2989 .
996 2983 1001 2989 .

112 3001 126 3016 ¹‘
136 3010 188 3036 pro
207 2997 337 3035 quolibet
349 3006 467 3030 cantero
480 3006 610 3030 tarenum
630 3012 715 3030 unum
726 3014 754 3039 ,‚;
775 3004 1003 3037 anntunm,

1055 1649 1079 1681 Ι,
1098 1657 1126 1674 n.
1146 1655 1207 1682 797,
1225 1657 1252 1682 p.
1271 1648 1332 1674 62².

1144 1690 1155 1707 ⁷
1174 1692 1239 1716 Non
1258 1693 1349 1717 siamo
1368 1692 1438 1716 bene
1454 1691 1605 1716 informati
1619 1688 1864 1715 suil'ammontare
1877 1689 1954 1714 della

1058 1735 1134 1759 tussa
1154 1735 1183 1759 di
1208 1735 1336 1759 erbatico
1362 1733 1591 1767 (“pascuagium,
1617 1733 1764 1758 affidatura
1774 1732 1812 1765 η),
1837 1740 1852 1757 e
1876 1732 1952 1757 della

1061 1777 1177 1801 vendita
1196 1778 1224 1802 di
1245 1777 1349 1801 cavalli
1370 1777 1404 1801 ed
1423 1777 1491 1801 altri
1512 1776 1641 1805 animali,
1664 1775 1714 1800 che
1734 1775 1880 1807 risalgono
1906 1782 1952 1799 en·

1059 1820 1161 1844 trambi
1182 1819 1210 1844 al
1229 1821 1326 1853 tempo
1350 1820 1528 1844 Normanno.

1145 1860 1155 1877 ⁸
1174 1861 1201 1885 A
1220 1862 1327 1894 Napoli
1348 1863 1446 1894 questa
1466 1864 1543 1886 tassa
1561 1868 1607 1885 era
1626 1861 1704 1885 detta
1719 1859 1948 1890 “sexantinum,‚

1057 1911 1136 1928 come
1155 1912 1170 1928 a
1190 1903 1250 1928 dire
1261 1905 1288 1929 13
1308 1905 1507 1929 sessantesima
1526 1906 1605 1935 parte
1618 1902 1694 1927 della
1708 1910 1789 1935 pesca
1802 1903 1834 1926 in
1850 1903 1952 1926 natura

1057 1946 1091 1970 ed
1111 1947 1140 1970 in
1155 1948 1266 1975 valore;
1286 1947 1324 1971 cf.
1344 1946 1570 1975 Wmmmvimn,
1583 1945 1606 1975 1,
1625 1953 1651 1969 n.
1666 1945 1725 1978 897,
1741 1953 1766 1977 p.
1780 1944 1828 1968 681
1843 1953 1848 1973 ;
1863 1944 1952 1968 Ηυιι-

1058 1989 1324 2018 LARn-Bssifflonmts,
1343 1989 1391 2018 IV,
1412 1995 1472 2020 25²-
1507 1988 1540 2012 In
1555 1988 1694 2019 Palermo,
1710 1995 1758 2019 per
1772 1987 1799 2011 13
1813 1986 1952 2010 Pandetta

1057 2030 1104 2054 del
1127 2037 1202 2063 1312,
1222 2032 1244 2055 si
1260 2038 1370 2063 pagava
1391 2030 1412 2054 11
1433 2037 1467 2055 20
1476 2027 1511 2063 ⁰l0
1523 2030 1567 2054 sui
1583 2030 1695 2058 valore·‚
1709 2029 1745 2053 cf.
1760 2028 1795 2053 G.
1809 2029 1852 2053 L».
1867 2029 1952 2052 ΜΛΝ-

1056 2078 1117 2101 τιΛ,
1137 2073 1176 2097 Le
1190 2074 1323 2104 pandecte
1341 2074 1412 2098 delle
1436 2073 1549 2097 Gabelle
1570 2073 1659 2104 Regie
1678 2071 1709 2096 di
1726 2071 1823 2097 Sicilia
1848 2070 1953 2095 antiche

1058 2124 1071 2139 e
1090 2124 1174 2140 unove
1192 2118 1253 2145 etc„
1273 2116 1411 2145 Panemo,
1434 2114 1511 2147 1906,
1530 2123 1556 2147 p.
1580 2114 1610 2139 16
1629 2123 1643 2139 e
1663 2122 1703 2147 sg.

1144 2156 1156 2173 ⁹
1174 2158 1215 2183 La
1234 2160 1310 2183 tussa
1330 2159 1357 2183 di
1379 2159 1566 2182 misurazione
1588 2164 1634 2181 era
1647 2157 1676 2181 di
1697 2165 1737 2189 gr.
1758 2162 1772 2180 2
1786 2164 1835 2189 per
1848 2155 1951 2184 salma;

1057 2200 1283 2230 mezmumn,
1302 2200 1322 2232 Ι,
1344 2208 1372 2225 n.
1392 2205 1453 2233 797,
1472 2207 1499 2232 p.
1518 2198 1580 2224 622.

1145 2240 1167 2258 ¹⁰
1185 2242 1228 2267 Lo
1240 2244 1290 2276 jus
1308 2243 1423 2268 casatici
1440 2250 1457 2266 o
1476 2242 1590 2275 fundici
1613 2248 1659 2266 era
1679 2242 1769 2273 prima
1789 2240 1817 2264 di
1839 2247 1876 2264 un
1896 2240 1950 2264 tari

1057 2293 1106 2318 per
1125 2286 1194 2317 ogni
1214 2286 1315 2316 oncla3
1336 2285 1567 2315 memwmn,
1587 2283 1606 2315 1,
1628 2291 1657 2308 n.
1677 2289 1737 2315 790,
1757 2290 1784 2316 p.
1803 2281 1864 2307 616.

1145 2326 1166 2343 ¹¹
1187 2328 1280 2353 Molto
1300 2327 1535 2361 probabilmente,
1553 2333 1631 2351 come
1650 2327 1761 2350 ritenne
1783 2325 1803 2349 11
1817 2324 1950 2349 Paolucci

1057 2368 1110 2402 (Le
1121 2370 1233 2403 finanze
1252 2378 1266 2394 e
1286 2371 1313 2394 la
1337 2370 1417 2394 Corte
1437 2369 1468 2394 di
1486 2369 1616 2393 Federico
1644 2369 1680 2392 II
1699 2368 1730 2393 di
1754 2367 1866 2398 Svevia,
1893 2366 1950 2395 cit.,

1056 2420 1082 2446 p.
1103 2411 1137 2436 26
1154 2419 1169 2437 e
1189 2420 1216 2437 n.
1236 2413 1273 2445 7),
1293 2412 1315 2436 11
1333 2414 1408 2437 testo
1423 2412 1451 2436 di
1466 2411 1606 2436 Riccardo
1619 2409 1634 2436 ὲ
1652 2412 1755 2443 guasto
1770 2410 1816 2434 nel
1830 2410 1889 2433 dire
1903 2408 1952 2432 che

1056 2462 1105 2488 per
1123 2454 1261 2487 l'agnello
1281 2454 1309 2479 la
1329 2456 1404 2480 tassa
1425 2454 1455 2479 fu
1476 2454 1632 2478 diminuita
1647 2453 1675 2477 di
1689 2452 1743 2477 due
1755 2452 1848 2484 grani,
1861 2451 1951 2475 ch’era

1057 2498 1078 2523 ii
1098 2505 1197 2530 prezzo
1217 2498 1312 2523 fissato
1332 2499 1438 2530 prima3
1463 2497 1499 2522 cs.
1514 2497 1748 2526 messnmtxuu,
1760 2494 1782 2525 1,
1802 2502 1849 2519 nn.
1870 2499 1919 2527 797
1938 2502 1952 2518 e

1059 2547 1135 2571 1001,
1155 2549 1201 2573 pp.
1220 2540 1271 2573 623
1290 2549 1304 2565 e
1325 2540 1384 2572 762.

1144 2581 1166 2598 ¹2
1186 2581 1257 2607 Cloe
1276 2590 1315 2607 un
1335 2584 1406 2608 tari:
1429 2581 1442 2595 α
1453 2582 1495 2606 De
1509 2581 1640 2614 quolibet
1651 2580 1758 2605 barrile
1771 2579 1804 2603 de
1818 2579 1951 2603 torminis

1058 2623 1211 2650 “solvetur
1236 2626 1315 2650 curie
1340 2626 1469 2650 tarenum
1496 2625 1658 2655 medium„3
1684 2622 1911 2649 meznmnm«,
1930 2620 1950 2651 Ι,

1057 2675 1083 2692 n.
1100 2673 1159 2700 790,
1180 2675 1206 2700 p.
1227 2666 1287 2698 617.

1146 2707 1167 2725 ¹³
1184 2709 1234 2734 Sul
1256 2710 1320 2734 lino
1346 2710 1352 2733 i
1381 2709 1550 2733 coltivatori
1578 2713 1730 2739 pagavano
1757 2713 1805 2737 per
1831 2706 1905 2729 tassa
1925 2704 1951 2728 la

1055 2751 1231 2776 dedicesima
1246 2754 1340 2785 parte3
1356 2753 1464 2775 mentre
1477 2758 1526 2783 per
1539 2749 1755 2783 l’esportazionc
1768 2749 1791 2771 si
1804 2755 1952 2780 pagavano

1056 2794 1109 2819 due
1135 2796 1191 2819 tari
1220 2803 1235 2819 a
1266 2794 1279 2807 ⁸
1291 2796 1408 2819 cantaro
1422 2812 1443 2825 ,,.
1480 2793 1503 2817 Il
1533 2793 1635 2817 diritto
1665 2791 1693 2815 di
1721 2791 1912 2814 misurazione
1936 2797 1951 2813 ιι

1055 2843 1147 2861 canna
1166 2843 1181 2861 e
1201 2836 1275 2861 sulla
1294 2837 1361 2861 iana
1375 2836 1403 2860 di
1418 2836 1499 2861 Soria
1513 2843 1559 2859 era
1578 2834 1607 2858 di
1622 2835 1737 2866 quattro
1757 2834 1811 2857 tari
1833 2841 1848 2857 3
1863 2831 1876 2844 ‘⁴
1887 2839 1951 2856 can-

1057 2877 1145 2904 “tato
1157 2887 1188 2911 ,ε
1203 2879 1246 2904 sul
1266 2881 1370 2903 cotone
1390 2878 1468 2902 filato
1490 2878 1509 2901 11
1530 2877 1634 2902 diritto
1654 2883 1700 2901 era
1720 2874 1765 2900 del
1782 2873 1870 2907 10⁰l0:
1887 2874 1905 2891 -“
1918 2875 1951 2899 de

1058 2921 1210 2946 “bombice
1235 2921 1314 2946 filata
1338 2921 1440 2946 subtili
1468 2920 1501 2944 dc
1521 2920 1634 2944 centum
1654 2919 1747 2943 decem
1760 2926 1790 2949 „;
1811 2917 1950 2941 ment-

1055 2970 1155 2994 niun,
1174 2965 1195 2994 Ι,
1215 2972 1244 2990 n.
1264 2970 1324 2995 790,
1344 2972 1372 2996 p.
1391 2963 1452 2996 617.

1146 3005 1166 3022 ¹⁴
1180 3006 1223 3032 Lo
1238 3003 1528 3031 lluillard-Brehollcs
1542 3004 1660 3035 (Introd.
1673 3001 1826 3037 p.1.xx11)e
1841 3002 1862 3026 il
1873 3002 1950 3027 Win-

1882 207 1952 243 183
1965 218 2042 243 Mun„
2055 224 2089 239 cc.
2105 224 2192 243 ¹⁰30·³1

1979 611 2077 634 Ascisie,

1981 1779 2014 1803 40

1980 1993 2012 2019 45

1981 2205 2014 2231 ςο

1981 2415 2010 2441 55

1978 2831 2011 2863 65
