2320 3444
59 1287 103 1308 ην

33 2662 82 2717 715

35 1099 36 1102 ¹
86 1107 303 1149 ‚Pactensem
337 1106 508 1148 quondam
544 1104 744 1146 episcopum
758 1105 780 1136 ¹.

882 225 1162 264 CHRONICA

44 367 45 370 ’
99 363 311 396 uidebantur
332 361 473 401 habere,
500 362 622 394 uncias
644 361 720 393 auri
742 370 848 394 mccc.
879 372 941 404 per

41 437 46 462 5
99 415 316 449 institiarium
339 416 451 448 Terre
473 414 629 453 Laboris,
645 415 825 447 dominum
840 414 942 447 uide-

38 490 57 513 χ.
99 469 186 503 licet
207 468 346 501 Petrum
370 467 504 501 domini
528 467 632 500 Ebuli
655 467 771 499 filium.

100 521 316 565 Septembris
339 521 498 553 marchio
528 519 784 553 Montisferrati
808 519 843 551 in
867 520 942 552 Ro-

42 568 48 598 ’ἷ
98 576 248 608 maniam
271 574 420 607 naturali
443 580 553 606 morte
584 573 790 617 defungitur
805 573 826 605 ¹.

54 624 56 627 ’
99 629 179 662 dem
203 638 333 666 mense,
355 628 507 671 quinque
530 625 734 659 uacantibus
755 627 792 658 in
815 626 942 668 Regno

47 687 59 705 2³
99 681 269 720 ecclesiia,
294 681 446 724 quinque
468 680 627 713 dominus
648 689 739 722 papa
754 685 848 711 motu
862 688 943 720 pro-

817 467 941 499 Mense

873 572 942 605 Eo-

99 735 176 778 prie
191 734 377 767 uoluntatis
389 733 538 776 prelatos
549 731 712 775 prefecit:
728 731 941 764 Brundusine

39 795 58 830 ⁷]
98 788 265 821 uidelicet
280 787 465 830 quemdam
481 786 671 819 Iohannem
684 785 728 817 de
741 784 873 818 Sancto
884 784 942 817 Li-

98 841 272 883 beratore,
295 841 354 883 qui
377 841 491 872 iuerat
505 838 612 871 abbas
633 837 748 871 sancti
765 837 942 870 Uincentii

47 904 51 927 ἰ
99 894 145 928 de
167 894 341 927 Uulturno
354 893 384 931 ²;
408 893 567 926 Consane
589 892 743 934 priorem
766 890 940 933 quendam

98 954 218 981 sancte
241 947 355 980 Marie
377 956 482 983 noue;
511 944 732 977 Salernitane
756 944 941 986 quemdam

44 1030 45 1033 ,
99 1001 384 1044 Famegustanum
401 999 574 1042 quondam
591 997 808 1040 episcopum;
830 997 942 1029 Auer-

98 1064 182 1087 sane
215 1059 391 1086 cantorem
423 1050 680 1089 Amalfitanum,
712 1056 746 1082 et
775 1050 942 1092 Capuane

843 1102 943 1141 Quos

101 1161 292 1202 Imperator
325 1159 361 1190 in
394 1157 622 1201 preiudicium
653 1157 736 1189 iuris
766 1163 943 1199 promotos

100 1213 165 1255 sui,
187 1213 223 1245 in
254 1211 341 1255 ipsis
364 1210 523 1243 ecclesiis
546 1210 656 1253 recipi
677 1220 746 1243 non
777 1210 942 1252 permisit.

190 1266 359 1299 Euntem'
394 1270 477 1297 tunc
513 1264 559 1296 ad
590 1275 668 1296 eum
704 1274 782 1296 cum
816 1263 944 1296 iicteris

100 1319 303 1363 apostolicis
340 1318 524 1351 Nicolaum
559 1317 743 1360 quemdam
768 1317 812 1349 de
836 1316 944 1349 Colli-

100 1378 211 1417 petro,
233 1383 416 1406 monacum
449 1371 687 1409 Casinensem,
717 1371 755 1402 in
782 1370 942 1403 abbatem

99 1426 209 1459 sancti
229 1425 410 1458 Laurentii
425 1425 471 1458 de
489 1423 623 1456 Auersa
638 1434 703 1466 per
719 1423 850 1456 curiam
866 1423 943 1456 Ro-

101 1490 236 1513 manam
270 1479 460 1512 institutum
495 1488 564 1511 non
600 1477 739 1510 admisit
750 1477 772 1510 ⁴.
819 1475 943 1509 Mense

101 1532 311 1566 Nouembris
334 1532 528 1574 Imperator
550 1532 645 1574 apud
660 1531 890 1564 Brundusium
907 1532 943 1563 fi-

103 1587 182 1620 liam
213 1585 378 1619 Iohannis
414 1586 508 1629 regis
542 1585 809 1619 Ierosolimitani
847 1586 945 1618 duxit

101 1650 256 1679 uxorem,
273 1639 357 1673 etin
368 1639 491 1672 maiori
513 1639 664 1672 ecclesia
685 1639 868 1683 magnifice
884 1639 944 1672 de-

101 1693 282 1736 sponssuit
294 1692 317 1725 ⁶.
361 1692 603 1736 Inquisitiones
625 1703 730 1736 super
751 1693 847 1726 facto
870 1704 944 1725 mu-

101 1747 151 1780 tui
171 1747 263 1780 fiunt
277 1756 342 1789 per
357 1751 483 1779 terram
507 1746 716 1785 monasterii,
733 1746 826 1789 quod
853 1746 945 1789 quis-

103 1812 171 1845 que
195 1800 343 1838 dederit,
365 1810 430 1842 per
459 1810 573 1843 quem,
603 1800 679 1843 quis
708 1799 815 1832 fuerit
838 1809 947 1832 excu-

103 1861 206 1894 satus,
228 1855 287 1888 uel
309 1853 338 1887 si
359 1855 396 1886 in
426 1854 586 1887 fraudem
621 1853 839 1887 commissum
870 1852 946 1895 quis

103 1909 252 1942 sciuerit.
295 1907 369 1941 Pax
391 1908 428 1940 in
444 1906 540 1940 Urbe
557 1907 746 1939 reformata
768 1911 830 1945 est,
847 1916 947 1938 sena-

195 2034 236 2060 18.
255 2041 316 2059 cum
335 2041 385 2059 om.
404 2032 500 2058 Gau».

194 2134 203 2153 ¹
221 2136 386 2168 Guguelmo
405 2134 453 2164 IV,
473 2135 510 2160 cs.
531 2142 558 2167 p.
579 2141 639 2166 124,
660 2143 688 2160 n.
709 2141 732 2160 x.

193 2177 206 2196 ²
222 2179 292 2205 Sede
320 2179 439 2204 vacante
463 2178 510 2203 dai
539 2184 615 2203 1222.
651 2177 748 2203 Eletto
775 2178 809 2203 ad
835 2175 999 2203 unanimita

106 2222 154 2248 dai
173 2222 301 2255 capitolo
321 2220 490 2246 Brindislno
509 2221 631 2246 maestro
650 2219 800 2246 Giovanni
815 2220 846 2245 di
859 2221 999 2247 Traietto.

106 2265 198 2290 allora
216 2265 320 2289 notato
339 2271 354 2288 e
373 2263 513 2288 canonico
533 2262 562 2287 di
581 2262 677 2295 quella
694 2262 769 2294 sede,
788 2262 898 2287 invano
925 2263 999 2287 l’im-

106 2307 238 2340 peratore
257 2314 292 2331 ne
310 2303 445 2330 sollecito
464 2305 492 2330 la
511 2305 657 2330 conferma
676 2305 723 2330 dal
743 2312 818 2338 papa
837 2313 891 2330 con
906 2306 933 2330 le
945 2305 1000 2330 let-

105 2349 165 2374 tere
183 2347 268 2373 dell’8
287 2347 361 2377 vm.
384 2353 460 2372 1222.
494 2344 548 2372 Piii
566 2347 644 2372 tardi
656 2347 691 2372 da
704 2345 836 2376 Catania„
848 2354 864 2380 3
880 2348 915 2378 V,
930 2354 1000 2379 12²4

106 2389 236 2416 incaricb
254 2390 462 2415 l'arcivescovo
482 2388 636 2415 d'Otranto
650 2389 681 2414 di
695 2389 738 2414 sar
750 2390 879 2415 recedere
891 2390 914 2415 11
927 2398 1000 2422 papa

106 2433 154 2458 dal
178 2440 228 2458 suo
253 2433 415 2466 proposito.
461 2431 492 2456 Ε.
517 2431 748 2461 ansmnm.
770 2431 794 2464 1,
817 2440 865 2465 pp.
891 2439 1000 2465 242-44,

107 2474 243 2510 pubblico
262 2476 288 2500 le
307 2475 360 2500 due
379 2475 478 2500 lettere
504 2473 618 2499 coll’an.
640 2481 720 2507 ¹²²4*
740 2474 935 2507 Romanam,
959 2479 1000 2506 op.

108 2518 162 2548 cie..
180 2517 202 2548 1,
220 2525 267 2551 pp.
294 2524 353 2549 141,
379 2525 406 2542 n.
435 2523 456 2546 1,
481 2515 603 2542 rettlficb
629 2516 728 2541 l'anno
753 2516 828 2542 della
853 2518 946 2550 prima
971 2517 1000 2542 dl

107 2561 205 2594 queste
223 2560 276 2585 due
295 2560 405 2590 lettere,
424 2559 491 2584 data
512 2558 526 2572 ⁸
538 2560 568 2583 in
587 2560 689 2584 eastris
709 2559 784 2592 apud
808 2559 901 2584 latum
911 2578 937 2592 η,
964 2559 1001 2584 1’8

109 2602 184 2632 vm,
212 2609 287 2628 1222.
324 2602 446 2635 Proprie
474 2603 502 2626 in
528 2603 629 2634 questo
654 2603 744 2626 stesso
769 2609 841 2627 mese
865 2601 901 2627 ed
925 2609 1001 2627 anno

111 2645 218 2678 “super
237 2645 388 2670 obsidione
413 2644 468 2669 lati
479 2661 504 2675 „‚
529 2643 679 2668 Giovanni
703 2643 733 2668 di
751 2643 882 2669 Traletto
901 2646 1003 2670 scrisse

110 2687 132 2712 ss
151 2687 279 2720 diploma
298 2694 354 2712 con
371 2687 451 2711 bolla
471 2686 550 2711 d'oro
569 2693 619 2718 per
637 2686 666 2710 la
686 2686 780 2711 chiesa
804 2686 835 2711 dl
858 2686 887 2712 S.
911 2686 1003 2712 Maria

110 2729 143 2754 ln
161 2728 291 2759 Guald03
304 2729 340 2754 cs.
359 2729 442 2754 Hares
460 2728 561 2757 Nmss,
585 2728 760 2754 Materialien
779 2736 828 2754 zur
853 2729 1004 2754 Gen-hicne

110 2772 213 2797 Kaisar
231 2771 388 2796 Friedrich
409 2771 448 2800 II,
468 2772 527 2799 cit„
546 2778 592 2803 pp.
613 2775 705 2802 4⁰²-3-

200 2810 211 2829 ¹
229 2813 242 2838 1
260 2814 372 2838 vescovi
393 2813 421 2838 di
448 2812 576 2842 Saierno,
602 2811 700 2846 Capua
725 2813 758 2837 ed
783 2812 892 2838 Aversa
917 2820 1003 2838 erano

113 2856 181 2880 stati
202 2863 269 2888 pure
287 2855 496 2887 regolarmente
515 2854 596 2879 eletti
617 2854 662 2879 nel
685 2860 761 2887 ¹223,
786 2862 830 2879 ma
856 2862 913 2879 non
939 2863 1004 2879 con—

34 2887 88 2934 {jao
115 2897 228 2922 formati
247 2897 294 2922 dal
314 2905 395 2930 papa,
415 2897 442 2921 al
461 2896 544 2929 quale
563 2895 698 2921 [federico
717 2903 806 2921 aveva
826 2896 960 2922 mandato
974 2897 1006 2922 L.

114 2939 230 2972 giudice
248 2939 279 2964 dl
298 2939 364 2964 Bari
379 2952 409 2957 —-
426 2939 499 2963 forse
514 2938 729 2970 imperialis
749 2938 839 2969 aule,
855 2947 911 2963 non
928 2940 1005 2964 iden-

115 2981 224 3005 tffieato
245 2995 286 3009 —,
305 2988 354 3014 per
373 2980 555 3005 sollecitarne
574 2979 601 3004 la
622 2980 749 3004 nomina.
788 2970 810 3004 1⁸⁴:
829 2980 891 3004 anzi
912 2982 1006 3005 sicuro

116 3022 165 3048 che
184 3022 320 3048 Federlco
338 3029 428 3047 aveva
447 3022 516 3048 dato
536 3023 662 3046 incarico
682 3022 709 3046 al
730 3029 781 3047 suo
800 3022 1007 3047 ambasciatore

1009 837 1047 869 10

1010 1104 1047 1136 15

1007 1373 1048 1403 20

1008 1908 1051 1939 30

1054 2134 1083 2159 di
1102 2134 1270 2167 dichiarare,
1292 2135 1342 2160 che
1363 2135 1413 2160 “sl
1433 2136 1506 2160 alios
1526 2134 1701 2170 (episcopos)
1719 2144 1802 2168 quam
1817 2138 1948 2161 nomina-

1056 2177 1124 2202 “tos
1134 2196 1147 2210 η
1169 2177 1413 2211 dall’imperatore
1428 2179 1537 2204 fossero
1552 2179 1620 2204 stati
1634 2180 1771 2211 mandati,
1788 2177 1800 2192 ἅ
1814 2180 1870 2212 ipsi
1886 2180 1949 2204 nul-

1054 2219 1188 2245 “latenas
1211 2221 1411 2252 admittantur,
1436 2221 1484 2246 sed
1510 2223 1590 2255 parte
1615 2229 1672 2246 non
1699 2222 1791 2246 solum
1819 2222 1949 2246 ecclesia-

1055 2261 1140 2287 “rum
1164 2263 1212 2287 sed
1238 2264 1325 2288 etiam
1351 2264 1504 2288 civitatum
1529 2264 1718 2289 observentur
1743 2264 1847 2289 eisdem
1859 2281 1882 2295 „.
1926 2263 1949 2288 Il

1052 2311 1125 2337 papa
1144 2303 1250 2329 mando
1271 2305 1291 2329 il
1312 2313 1363 2330 suo
1383 2306 1563 2340 cappellano,
1583 2306 1619 2330 A.
1639 2306 1827 2335 suddiacono,
1848 2306 1950 2331 ail'im-

1053 2349 1190 2380 peratore.
1210 2355 1254 2372 ma
1273 2347 1414 2372 l’accordo
1434 2355 1492 2372 non
1515 2348 1546 2373 fu
1572 2349 1744 2381 raggiunto;
1771 2349 1807 2373 cf.
1832 2348 1950 2372 Ronan-

1055 2395 1140 2419 BERG,
1159 2392 1200 2420 op.
1219 2389 1274 2420 cit.⁷
1292 2389 1313 2418 Ι,
1333 2397 1380 2422 pp.
1401 2389 1508 2414 160-62.
1545 2389 1714 2423 L'eplstola,
1735 2392 1779 2415 cui
1800 2390 1895 2415 allude
1910 2389 1952 2419 R„

1053 2429 1068 2455 ὲ
1088 2431 1133 2456 del
1154 2438 1185 2463 ²5
1206 2431 1254 2461 1x,
1277 2438 1344 2464 1²²5
1363 2439 1378 2457 e
1396 2432 1421 2457 si
1440 2433 1477 2457 ha
1496 2432 1526 2457 in
1550 2432 1744 2464 Rauennae,
1770 2437 1811 2463 op.
1831 2433 1886 2461 cit„
1904 2439 1952 2465 pp.

1055 2480 1145 2507 204-5.

1142 2514 1153 2532 ⁴
1171 2515 1224 2541 Per
1244 2517 1436 2541 {concordati
1458 2517 1504 2542 eoi
1525 2525 1552 2542 re
1572 2517 1602 2541 di
1620 2517 1724 2542 Sicilia
1743 2525 1757 2541 e
1771 2517 1859 2549 petie
1884 2524 1952 2541 con-

1054 2558 1176 2583 cessioni
1197 2558 1270 2583 fatte
1289 2559 1366 2583 dallo
1386 2561 1476 2584 stesso
1497 2559 1633 2584 Federico
1653 2559 1679 2583 11
1700 2559 1745 2583 nel
1771 2565 1846 2587 1212,
1860 2560 1951 2590 prima

1055 2600 1105 2625 che
1125 2602 1244 2634 partisse
1262 2609 1312 2634 per
1330 2601 1358 2626 la
1378 2600 1543 2631 Germania,
1562 2608 1608 2626 era
1627 2603 1701 2626 stata
1716 2609 1823 2633 sempre
1837 2601 1951 2625 ricono-

1055 2643 1147 2667 sciata
1165 2643 1193 2667 la
1207 2642 1310 2668 liberta
1323 2643 1397 2668 delle
1410 2644 1531 2668 elezionl
1543 2643 1768 2672 ecclesiastiche3
1783 2650 1827 2667 ma
1842 2642 1952 2667 l‘eletto

1056 2685 1166 2709 doveva
1185 2693 1251 2710 aver
1270 2687 1360 2718 prima
1381 2685 1526 2710 l'assensus
1546 2687 1622 2718 regis
1641 2693 1655 2710 e
1676 2686 1723 2717 poi
1745 2685 1772 2709 la
1786 2685 1952 2718 confirmatio

1057 2727 1213 2758 apostolica,
1233 2735 1282 2760 per
1299 2735 1389 2752 essere
1409 2728 1554 2752 lnsediuto
1575 2727 1651 2752 nella
1671 2735 1719 2751 sua
1740 2727 1810 2751 sede.

1144 2767 1155 2784 ⁵
1173 2769 1196 2793 11
1216 2770 1404 2795 matrimonio
1426 2770 1454 2794 fu
1474 2770 1616 2795 celebrato
1631 2770 1676 2793 nel
1693 2769 1817 2800 Duomo,
1837 2769 1953 2799 caduto,

1058 2810 1138 2835 salvo
1158 2810 1287 2842 l’abside‚
1306 2811 1351 2835 nel
1371 2813 1525 2835 terremoto
1545 2811 1588 2835 dei
1606 2817 1639 2834 20
1658 2810 1692 2842 ΙΙ,
1711 2817 1786 2843 1743.
1821 2810 1954 2839 Isabeua,

1058 2851 1136 2884 flglia
1157 2853 1186 2877 di
1201 2852 1348 2877 Giovanni
1364 2853 1390 2877 di
1409 2854 1528 2877 Brienne
1541 2860 1555 2876 e
1569 2853 1599 2876 dl
1614 2852 1705 2877 Maria
1719 2852 1746 2876 di
1763 2853 1953 2883 Monscrrato,

1059 2896 1139 2919 erede
1159 2895 1203 2920 del
1226 2903 1312 2927 regno
1331 2895 1359 2920 di
1381 2896 1601 2923 (Jerusalemme,
1620 2902 1667 2920 ern
1687 2897 1902 2927 consanguinea
1923 2897 1952 2919 in

1059 2940 1160 2970 quarto
1180 2939 1269 2970 grado
1288 2946 1341 2962 con
1363 2938 1505 2968 Federico,
1525 2947 1538 2961 e
1562 2938 1658 2970 percio
1686 2937 1714 2962 fu
1742 2938 1899 2962 necessaria
1926 2938 1952 2962 iu

1060 2981 1194 3012 dispenso.
1214 2981 1370 3004 conceduta
1391 2980 1435 3003 dal
1458 2987 1530 3012 papa
1551 2980 1572 3004 11
1595 2985 1608 3010 5
1629 2979 1703 3011 VIil'¹
1731 2986 1813 3012 ¹²²3:
1833 2981 1870 3005 cf.
1896 2980 1954 3004 Ro·

1061 3028 1207 3053 nanneno,
1227 3022 1246 3051 Ι,
1271 3031 1297 3054 p.
1320 3022 1368 3053 163
1388 3029 1403 3046 e
1423 3030 1462 3053 sg-

1978 2183 2009 2209 ²5

1978 2397 2013 2422 30

1979 2605 2010 2631 35

1981 2820 2016 2844 40

1983 3028 2014 3054 45
