2320 3444
116 228 188 251 Mun„
203 233 236 248 cc.
254 231 338 251 ιαμ-42
350 216 425 251 200

803 209 1080 245 RYCCARDI
1108 209 1176 243 DE
1205 207 1417 243 SANCTO
1447 205 1716 241 GERMANO
2007 209 2173 246 [A.12391

434 344 554 377 Mense
577 342 685 374 Madii
708 342 742 373 in
765 340 893 372 Marsia
915 345 998 382 aput
1021 339 1247 372 Tallacozum
1271 338 1411 381 quidam
1434 341 1575 369 sanctus
1598 335 1702 368 Oddo
1724 335 1907 372 reuelatur,
1922 335 1982 378 qui
1998 334 2174 368 miraculis

345 398 458 430 multis
481 396 612 429 claruit.
657 394 809 426 Thomas
824 393 868 425 de
884 393 1022 436 Aquino
1039 391 1248 424 Acerrarum
1265 401 1382 423 comes
1397 395 1543 422 uocatus
1558 389 1602 421 ad
1620 388 1867 430 Imperatorem
1882 388 1918 419 in
1931 387 2174 421 Lombardiam

343 450 450 483 uadit.
494 450 623 482 Omnes
646 448 689 479 de
715 448 838 489 Regno
862 446 919 488 qui
943 451 1021 478 sunt
1044 446 1080 477 in
1104 445 1263 478 Romana
1285 445 1393 483 curia,
1418 447 1638 475 reuocantur.

433 502 570 535 Denarii
595 501 675 533 noui
699 500 769 533 dati
793 506 871 532 sunt
894 509 955 542 per
978 505 1104 531 terram
1135 498 1253 531 Sancti
1283 495 1476 534 Benedicti,
1500 506 1562 538 pro
1594 495 1720 538 quibus
1749 494 1867 528 datum
1898 500 1950 528 est
1979 505 2098 527 aurum
2128 495 2175 528 ad

346 567 508 589 summam
533 564 629 587 cnxx
651 554 832 586 unciarum
847 552 869 584 ¹.
2219 548 2239 582 5
2260 583 2261 586 Ἴ

431 607 632 645 Teanensis,
656 606 860 646 Calinensis,
891 605 1122 643 Uenafranus,
1152 604 1364 647 Aquinensis
1395 603 1552 646 episcopi
1582 603 1626 634 de
1650 602 1775 646 Regno
1799 606 1936 641 exeunt,
1958 601 2174 644 Imperatore

347 662 530 694 mandante
541 660 563 693 ¹.

433 714 551 747 Mense
574 714 662 746 Iunii
684 712 786 746 tertio
810 713 962 745 intrante
985 711 1110 744 eodem
1134 720 1262 749 mense,
1285 711 1346 753 qui
1368 710 1474 742 fuerit
1497 709 1648 742 Ueneris
1671 708 1756 748 dies,
1780 708 1876 742 circa
1905 708 2026 742 horam
2048 718 2174 742 nouam

346 768 396 802 sol
419 767 585 812 eclypsim
608 777 727 810 passus
750 773 812 799 est.
2262 792 2264 794 ,

432 821 563 853 Eodem
578 830 695 852 mense
711 830 731 851 a
747 818 953 851 monasterio
968 818 1147 850 Casinensi
1163 817 1253 850 sicut
1268 828 1289 849 a
1304 817 1430 850 ceteris
1445 816 1522 849 aliis
1536 815 1581 848 de
1599 815 1724 859 Regno
1742 815 1997 849 cathedralibus
2009 815 2177 855 ecclesiis,
2198 816 2243 849 21⁰

344 884 478 907 necnon
501 879 536 906 et
558 884 579 905 a
594 873 740 906 subditis
755 871 869 905 eidem
884 871 1093 904 monasterio
1109 870 1218 908 cellis,
1235 870 1439 903 adiutorium
1456 879 1521 912 pro
1537 869 1753 911 Imperatore
1778 869 1925 912 exigitur
1937 868 1962 902 ⁸.
2008 868 2178 903 Similiter

348 933 383 959 et
405 938 425 959 a
446 927 583 959 clericis
605 926 742 959 abbatie
765 936 828 968 pro
851 924 1029 957 beneficiis
1052 924 1131 956 suis.
1178 922 1439 956 obedientiales
1463 922 1627 955 monachi
1649 922 1765 955 uocati
1781 933 1802 954 a
1818 922 1966 956 Taffuro
1989 921 2178 955 castellano

346 990 451 1012 rocce
475 979 606 1017 Iauule,
629 979 719 1011 sicut
742 984 777 1010 et
799 979 866 1020 ipsi
889 977 1019 1015 clerici,
1043 978 1126 1009 dare
1151 982 1391 1009 conuenerunt
1420 975 1643 1008 medietatem
1667 975 1818 1007 omniurn
1842 981 2072 1018 prouentuum
2094 975 2179 1009 obe-

347 1032 552 1065 dientiarum
574 1043 721 1070 suarum,
744 1038 780 1064 et
802 1031 926 1064 exinde
951 1028 1162 1072 respondere
1187 1030 1368 1074 Roggerio
1393 1030 1437 1061 de
1453 1028 1678 1062 Laudenulfo
1701 1034 1735 1061 et
1749 1028 1880 1062 Iacobo
1895 1028 2024 1062 Cazolo
2040 1029 2087 1062 ad
2109 1029 2179 1062 hoc

348 1085 539 1118 constitutis
560 1095 622 1127 per
645 1085 862 1117 iustitiarium
885 1084 995 1116 Terre
1010 1083 1158 1116 Laboris
1179 1093 1244 1126 pro
1267 1083 1364 1116 uictu
1386 1082 1622 1120 seruientium,
1645 1082 1705 1125 qui
1721 1081 1878 1124 deputati
1901 1087 1980 1114 sunt
2003 1082 2048 1115 ad
2065 1087 2179 1116 custo-
2204 1080 2244 1115 15
2270 1098 2274 1099 ⁷

348 1138 439 1171 diam
464 1138 662 1171 monasterii
686 1144 720 1170 et
742 1136 970 1170 Pontiscurui.

435 1191 487 1224 Eo
510 1197 666 1234 tempore
688 1190 882 1233 subscripta
904 1190 1057 1232 capitula
1079 1189 1173 1222 edita
1196 1195 1276 1222 sunt
1297 1190 1332 1221 in
1355 1190 1493 1232 Regno,
1517 1199 1584 1231 que
1607 1199 1670 1231 pro
1694 1195 1794 1231 parte
1815 1189 1988 1231 imperiali
2003 1188 2181 1223 obseruari

349 1244 518 1277 iubentur.
567 1245 581 1260 ‘⁴
596 1245 636 1276 In
658 1244 788 1287 primis,
811 1249 849 1276 ut
872 1244 999 1276 fratres
1020 1243 1275 1282 Predicatores,
1299 1248 1335 1275 et
1357 1242 1525 1280 Minores,
1549 1241 1608 1284 qui
1631 1248 1710 1275 sunt
1733 1242 1871 1275 oriundi
1901 1242 1946 1274 de
1976 1241 2081 1274 terris
2102 1241 2176 1275 infi-

354 1300 368 1315 “
381 1296 509 1329 delium
531 1297 750 1335 Lombardie,
774 1297 991 1339 expellantur
1013 1297 1055 1329 de
1080 1297 1223 1339 Regum
1250 1302 1285 1328 et
1301 1295 1344 1328 ab
1360 1295 1437 1327 aliis
1452 1295 1623 1328 habeatur
1639 1295 1788 1334 cautela,
1804 1295 1899 1338 quod
1914 1305 1984 1328 nou
1999 1295 2184 1329 offendant

356 1351 639 1393 “Imperatorem
685 1351 781 1383 Idem
805 1351 863 1383 fiat
886 1350 930 1382 de
954 1350 1030 1382 allis
1044 1350 1204 1393 personis
1219 1349 1399 1392 religiosis.
1407 1349 1414 1363 '
1458 1349 1544 1381 Item
1568 1354 1606 1381 ut
1622 1349 1772 1381 barones
1795 1354 1830 1381 et
1852 1348 1990 1388 milites,
2005 1348 2066 1392 qui
2080 1349 2179 1382 ioue-
2203 1349 2248 1382 20

354 1406 368 1421 ‘⁶
381 1409 460 1436 runt
480 1404 667 1447 aliquando
690 1409 822 1446 partem
846 1414 935 1446 pape
958 1409 1079 1436 contra
1101 1403 1277 1442 Cesaoem,
1300 1409 1335 1435 et
1357 1403 1526 1446 precipue
1550 1402 1608 1445 qui
1625 1408 1704 1435 sunt
1718 1402 1754 1434 in
1770 1402 1920 1435 confinio
1936 1402 2075 1463 Regni..
2081 1401 2181 1437 indu·
2274 1395 2277 1401 ’

355 1459 369 1475 “
383 1462 514 1495 cantur,
537 1462 705 1499 potentes,
729 1457 822 1500 quod
844 1457 974 1489 uadant
997 1456 1041 1488 ad
1064 1456 1243 1489 seruitium
1267 1456 1363 1489 curie
1387 1456 1421 1488 in
1443 1455 1690 1488 Lombardiam
1714 1465 1792 1488 cum
1815 1456 1914 1499 equis
1935 1461 1970 1487 et
1992 1454 2106 1494 armis,
2119 1455 2183 1488 im-

354 1510 541 1552 “potentes
563 1510 718 1542 similiter
748 1521 769 1542 a
799 1509 904 1543 Curia
934 1510 1105 1552 imperiali
1135 1510 1309 1552 stipendia
1338 1509 1525 1552 recepturi.
1571 1509 1658 1541 Item
1689 1520 1709 1541 a
1739 1508 1998 1542 cathedralibus
2023 1509 2184 1542 ecclesiis

350 1564 365 1580 ¹⁴
378 1574 440 1606 per
461 1575 498 1596 se
521 1564 681 1607 exigatur
697 1570 731 1596 et
745 1565 942 1606 imponatur
957 1575 1019 1606 pro
1035 1564 1206 1606 imperiali
1221 1562 1328 1596 Curia
1343 1563 1563 1601 adiutorium,
1580 1563 1771 1596 secundum
1787 1563 1927 1596 modum
1943 1568 1979 1596 et
1993 1563 2184 1606 potentiam

351 1619 366 1635 ‘⁴
379 1616 577 1650 diuitiarum
598 1628 745 1652 suarum.
793 1618 1046 1651 Nichilominus
1067 1623 1103 1650 et
1126 1628 1146 1650 a
1169 1617 1353 1650 canonicis
1375 1627 1492 1649 earum
1515 1617 1703 1661 dyocesum
1726 1616 1792 1649 sibi
1814 1616 1961 1650 subditis
1983 1616 2185 1660 presbiteris
2206 1617 2247 1650 25
2272 1637 2288 1662 .'

352 1672 366 1687 ‘⁶
380 1676 414 1703 et
436 1670 574 1703 clericis
596 1671 788 1704 secundum
811 1671 994 1705 facultates
1016 1682 1147 1704 eorum.
1193 1671 1285 1703 Illud
1307 1671 1400 1704 idem
1424 1671 1585 1714 exigatur
1607 1671 1651 1703 ab
1676 1669 1858 1704 abbatibus
1879 1670 2060 1703 monachis
2074 1670 2185 1715 nigris

353 1725 414 1755 “et
436 1723 532 1756 albis.
579 1724 664 1756 Item
688 1724 782 1767 quod
804 1724 853 1756 hii
877 1725 934 1767 qui
958 1731 1038 1757 sunt
1059 1725 1096 1757 in
1118 1724 1280 1757 Romana
1303 1724 1410 1763 curia,
1442 1730 1559 1767 preter
1589 1723 1749 1756 exclusos
1779 1729 1815 1756 et
1844 1728 2036 1766 suspectos,
2065 1733 2184 1758 reuer-

352 1777 367 1793 ¹‘
381 1782 493 1809 tantur
514 1776 551 1808 in
573 1777 758 1820 Regnum;
781 1777 833 1809 sin
857 1784 982 1817 autem,
1004 1778 1096 1811 bona
1126 1787 1244 1811 eorum
1275 1778 1488 1816 infiscentur,
1511 1787 1578 1809 nec
1609 1777 1853 1820 permittantur
1882 1782 1961 1819 post
1983 1777 2182 1810 citationem

355 1830 507 1862 “reuerti
519 1829 541 1862 ⁴.
587 1829 815 1872 Excipiuntur
838 1831 897 1874 qui
919 1835 998 1863 sunt
1021 1842 1099 1864 cum
1124 1830 1293 1863 cardinali
1317 1831 1454 1863 Thoma
1478 1836 1511 1863 et
1535 1841 1613 1863 cum
1637 1830 1792 1863 Iohanne
1816 1829 1862 1863 de
1891 1829 2014 1872 Capua
2043 1829 2182 1864 notario
2290 1859 2292 1862 .

355 1884 370 1901 ‘⁴
383 1893 474 1925 pape
485 1882 507 1915 ⁵.
554 1883 639 1915 Item
662 1884 799 1916 illorum
823 1884 1041 1924 clericorum,
1065 1885 1121 1928 qui
1146 1885 1190 1918 de
1206 1884 1333 1928 Regno
1350 1894 1422 1916 non
1437 1890 1526 1922 sunt,
1549 1884 1642 1917 bona
1657 1890 1692 1917 et
1707 1883 1879 1917 beneficia
1894 1894 1962 1927 que
1977 1883 2131 1917 habeant
2145 1883 2182 1916 in
2204 1885 2248 1918 30
2275 1892 2278 1894 ’

353 1935 368 1953 “
382 1936 508 1978 Regno
531 1936 722 1969 infiscanda
743 1943 832 1970 sunt.
874 1938 958 1970 Item
982 1939 1077 1981 quod
1093 1938 1179 1970 nulli
1195 1938 1416 1980 permittatur
1431 1938 1477 1971 ad
1500 1938 1696 1971 Romanam
1713 1937 1898 1970 ecclesiam
1922 1937 2092 1970 accedere
2107 1937 2183 1970 sine

353 1989 525 2032 “speciali
547 1990 709 2023 mandato
730 1990 889 2034 Magistri
910 1991 1100 2029 iustitiarii;
1126 1997 1160 2023 et
1184 1992 1243 2035 qui
1268 1991 1488 2030 accesserint,
1510 2001 1581 2023 non
1603 1991 1847 2034 permittantur
1869 1990 1983 2023 redire
1998 1990 2074 2023 sine
2088 2001 2184 2024 man-

440 2139 490 2158 1-2.
510 2135 540 2157 in
560 2134 733 2159 Marsia....
753 2135 853 2159 multis
871 2135 976 2160 claruit
995 2137 1040 2160 nel
1056 2137 1181 2168 margine
1201 2140 1304 2161 esterno
1323 2144 1368 2161 con
1388 2136 1517 2161 richiamo
1539 2137 1602 2161 Cod.
1623 2150 1656 2154 ——
1676 2142 1701 2160 2.
1720 2135 1826 2160 Eodem
1845 2141 1940 2160 mense
1963 2134 2088 2160 Thomas
2106 2135 2184 2162 Una.

355 2184 368 2199 e
386 2176 448 2199 Dat.
466 2174 524 2203 Rm
545 2176 577 2200 de
596 2177 681 2208 Agno
701 2176 776 2202 UGH-
797 2191 828 2195 --
848 2177 872 2202 6.
891 2178 1066 2203 Theanensis
1086 2179 1163 2204 Uen.
1182 2188 1195 2202 ε
1214 2180 1277 2204 Dm.
1295 2179 1340 2204 Ra·
1360 2192 1392 2196 —
1412 2178 1467 2210 6-7.
1486 2179 1521 2203 de
1540 2186 1627 2210 regno
1647 2180 1753 2203 exeunt
1773 2179 1946 2211 imperatore
1964 2177 2118 2203 mandante
2131 2186 2183 2211 ag-

348 2217 445 2249 giunto
464 2217 669 2242 nell‘interlineo
689 2220 753 2244 Cod.
771 2232 804 2236 —
824 2219 876 2251 8-9.
896 2220 996 2245 Tertio
1015 2221 1093 2245 Iunii
1112 2222 1188 2245 circa
1207 2221 1305 2245 horam
1326 2228 1432 2246 nonam
1457 2221 1515 2245 diei
1541 2222 1659 2246 Veneris
1685 2221 1729 2245 sol
1755 2221 1892 2254 eclypsim
1917 2227 2016 2252 passus
2040 2221 2084 2245 est
2107 2220 2184 2246 Uos-1.

355 2268 368 2282 e
386 2260 447 2284 Dat.
465 2259 522 2289 Ra;
543 2262 585 2284 est
603 2268 700 2294 passus
725 2262 821 2286 Pan-rz
840 2271 853 2286 e
873 2261 969 2287 Glun.
991 2277 1020 2280 —
1046 2270 1132 2296 13-14.
1153 2264 1281 2287 omnium
1302 2264 1530 2288 obedientiarum
1596 2281 1603 2289 .
1622 2264 1738 2288 reddere
1756 2263 1834 2288 Uen.
1854 2272 1868 2287 e
1892 2263 1955 2287 Dm..
1972 2263 2018 2289 Ru.
2037 2276 2070 2280 —
2093 2269 2184 2288 20-21.

312 2306 325 2332 5
357 2301 490 2326 faverunt
508 2310 555 2326 non
576 2303 709 2327 foverunt
727 2304 802 2329 Uen.
821 2313 834 2328 e
852 2304 916 2329 Dux.
940 2304 984 2329 Ra
1009 2319 1041 2322 —
1067 2310 1109 2336 25.
1129 2306 1229 2330 Nihilo
1250 2307 1343 2330 minus
1363 2306 1439 2331 UGH.
1458 2315 1471 2330 e
1490 2306 1553 2330 Dar.
1579 2306 1637 2335 Rm
1661 2306 1861 2330 Nihilominus
1887 2304 1985 2330 Palu-z
2005 2313 2018 2329 ε
2043 2303 2142 2331 GAun.
2159 2317 2192 2324 —-

353 2342 395 2369 26.
414 2344 487 2368 idem
512 2344 643 2376 exigatur
661 2346 752 2374 UGH.;
772 2346 845 2370 illud
866 2348 932 2371 item
952 2348 1084 2380 exigatur
1102 2349 1164 2372 Dur.
1183 2347 1226 2372 Ra

439 2443 449 2460 ¹
467 2444 501 2469 Se
520 2446 543 2469 si
564 2453 650 2478 pensa
669 2446 720 2471 che
738 2447 749 2471 i
769 2448 859 2472 nuovi
884 2449 1027 2481 augustali
1053 2449 1082 2473 di
1108 2450 1237 2474 Brindisi

1291 2450 1439 2482 pontificia
1459 2450 1565 2475 furono
1585 2450 1758 2479 richiamati,
1777 2451 1881 2474 tranne
1901 2450 1909 2473 i
1935 2450 2050 2481 quattro
2068 2449 2185 2474 vescovi

353 2494 494 2518 pesavano
513 2495 552 2519 gr.
572 2495 633 2519 0‚3o
652 2489 726 2513 circa
746 2489 775 2513 dl
794 2497 876 2514 meno
896 2491 940 2515 dei
961 2491 1130 2522 precedenti,
1143 2493 1167 2516 si
1181 2491 1238 2524 pub

1292 2493 1320 2517 di
1342 2493 1450 2522 Teano,
1470 2492 1563 2522 Calvi.
1583 2492 1711 2516 Venafro
1731 2493 1764 2517 ed
1784 2492 1911 2523 Aquino.

354 2528 490 2552 calculare
508 2529 558 2553 che
577 2529 652 2553 nella
672 2529 732 2554 sola
751 2531 826 2555 terra
845 2532 873 2555 di
893 2531 920 2556 S.
939 2532 1094 2556 Benedetto
1114 2534 1144 2557 lo
1157 2533 1238 2558 Stato

297 2574 328 2592 10
351 2570 545 2602 guadagnasse
563 2571 638 2595 cirea
657 2579 697 2603 gr.
717 2578 751 2596 20
769 2572 857 2602 d’oro,
877 2581 892 2598 a
913 2582 970 2598 non
991 2576 1106 2599 contare
1121 2575 1149 2599 la
1162 2575 1238 2600 diffe-

354 2619 436 2637 renza
455 2613 529 2638 della
547 2613 610 2646 lega
628 2616 796 2640 aumentata.

440 2652 451 2669 ²
470 2654 502 2679 L.
521 2663 643 2680 vescovo
663 2656 693 2681 di
713 2657 819 2688 Teano,
838 2658 942 2690 Egidlo
957 2666 1028 2684 vesc.
1049 2659 1078 2684 di
1092 2659 1187 2689 Calvi,
1206 2659 1240 2685 R.

355 2703 425 2721 vesc.
439 2697 468 2721 di
481 2697 606 2722 Venafro
625 2697 664 2730 (v.
683 2706 709 2730 p.
730 2699 804 2731 seg.),
826 2699 965 2733 Gregorio
984 2709 1057 2726 vesc.
1071 2702 1100 2726 di
1114 2702 1240 2734 Aquino.

441 2736 451 2752 ³
470 2738 640 2763 Adiutorium
658 2739 696 2764 fin
716 2740 762 2764 dal
781 2743 876 2773 tempo
889 2742 1058 2767 Normanno
1072 2743 1102 2767 fu
1116 2743 1195 2767 detta
1208 2744 1239 2768 in

300 2784 328 2810 15
355 2780 468 2811 origine
487 2780 514 2804 la
534 2786 607 2805 tassa
627 2781 704 2806 detta
717 2784 765 2815 poi
782 2783 796 2797 ‘¹
806 2791 858 2815 pro
872 2785 1042 2809 adoamento
1053 2804 1067 2817 n
1082 2793 1096 2809 e
1109 2786 1241 2818 generale

354 2821 484 2846 colletta:
502 2822 514 2835 ⁹
525 2839 532 2848 .
541 2841 562 2847 ..
571 2842 577 2848 .
588 2824 618 2847 in
632 2824 676 2848 his
690 2826 800 2850 tantum
814 2826 924 2851 casibus
938 2835 954 2851 a
967 2828 1086 2860 prelatis
1100 2829 1241 2858 omnibus,

359 2862 544 2895 “comitibus‚
562 2866 716 2891 baronibus
736 2869 764 2892 et
782 2869 913 2893 omnibus
932 2870 1073 2894 militibus
1085 2887 1142 2896 ....
1162 2871 1241 2895 adlu-

358 2904 370 2918 “
379 2905 453 2929 toria
467 2906 625 2938 exigantur.
634 2926 640 2932 .
649 2925 655 2932 .
664 2925 671 2932 .
681 2927 692 2939 ‚,
704 2918 710 2938 ς
724 2910 759 2934 cf,
772 2911 883 2935 Constit.
898 2911 923 2934 al
936 2918 1019 2935 nome
1029 2913 1057 2936 di
1069 2910 1241 2944 Guglielmo,

359 2946 389 2970 L.
402 2946 449 2978 111,
462 2948 509 2973 tit.
524 2954 570 2978 203
584 2950 644 2974 Ass.
663 2952 746 2980 Cass„
761 2951 794 2984 38
807 2953 849 2977 ed.
864 2953 1001 2979 Carcani:
1022 2954 1059 2979 cf.
1072 2962 1098 2987 p.
1114 2955 1162 2986 185
1178 2963 1204 2979 n.
1218 2963 1242 2987 4.

301 2991 333 3009 20
447 2989 457 3004 ⁴
477 2990 556 3015 Tutti
577 2992 587 3015 i
606 2994 708 3025 prelati
729 2994 772 3018 del
793 3003 879 3027 regno
899 2996 1031 3020 eh’erano
1053 2997 1130 3021 nella
1155 2997 1243 3022 Curia

1380 2533 1392 2550 ⁵
1412 2534 1565 2559 Tornmaso
1585 2535 1613 2559 di
1635 2534 1743 2566 Capua,
1763 2534 1910 2559 cardinale
1929 2533 1958 2558 dl
1981 2533 2007 2558 S.
2032 2533 2147 2563 Sabina.
2171 2540 2187 2558 e

1292 2577 1439 2601 Giovanni
1461 2577 1489 2601 di
1509 2576 1609 2609 Capua
1630 2579 1735 2601 notare
1755 2576 1800 2601 del
1814 2582 1896 2609 papa.
1933 2575 2064 2606 Berardo,
2079 2575 2186 2600 arclvo-

1293 2626 1380 2644 scovo
1399 2619 1429 2643 di
1449 2618 1588 2648 Palermo,
1609 2620 1638 2643 in
1659 2619 1723 2651 quel
1741 2620 1838 2652 tempo
1857 2625 1903 2642 era
1917 2617 2188 2650 coll’imperatorea

1293 2660 1407 2685 Verona
1426 2662 1546 2685 insieme
1564 2668 1617 2686 con
1643 2660 1776 2686 oderisio
1803 2666 1924 2685 vescovo
1949 2659 1977 2683 di
2003 2658 2128 2684 Marsico
2153 2654 2187 2684 ed

1294 2703 1361 2727 altri
1382 2703 1485 2735 grandi
1503 2703 1641 2733 usficiali3
1660 2701 2008 2732 HumLARD-Bussrionms,
2027 2702 2061 2730 V,
2080 2709 2108 2734 p.
2121 2707 2187 2734 324:

1294 2745 1430 2774 ΒὸιιΜειι,
1450 2752 1498 2770 nn.
1518 2752 1595 2778 2443,
1616 2751 1658 2777 57,
1677 2745 1711 2770 68
1730 2747 1783 2769 etc.
1820 2744 1885 2768 Non
1906 2742 1920 2768 ὲ
1933 2743 2124 2775 improbabile
2137 2743 2187 2768 che

1294 2787 1404 2817 Laudo,
1425 2789 1513 2813 arciv.
1526 2789 1554 2812 di
1574 2788 1699 2812 Messina
1714 2788 1789 2812 fosse
1802 2787 1920 2811 rimasto
1933 2787 1979 2811 col
1998 2785 2146 2810 cardinale
2157 2786 2187 2811 dl

1295 2829 1322 2854 S.
1342 2829 1456 2855 Sabina.
1493 2830 1537 2855 Da
1556 2838 1595 2854 un
1614 2831 1767 2855 transunto
1786 2829 1831 2854 del
1849 2833 1913 2861 1375
1930 2826 1966 2861 [a.
1986 2836 2010 2853 c.
2033 2827 2110 2860 1376)
2123 2834 2188 2862 gen.

1297 2873 1356 2896 ind.
1375 2878 1427 2896 xxv
1441 2874 1590 2905 sappiamo
1610 2873 1659 2897 che
1673 2872 1867 2905 l’imperatore
1881 2871 2015 2896 Federico
2027 2870 2054 2896 11
2068 2870 2189 2895 avrebbe

1296 2914 1442 2946 spogliato
1454 2915 1482 2939 la
1495 2922 1545 2940 sua
1558 2915 1652 2940 chiesa
1666 2915 1694 2939 di
1709 2915 1833 2939 Messina
1847 2914 1892 2938 del
1905 2914 1998 2938 casale
2013 2913 2164 2938 “Ferullto
2173 2930 2187 2944 ‚‚

1298 2958 1327 2980 in
1347 2955 1497 2987 Calabria3
1518 2957 1551 2982 R.
1570 2957 1753 2986 SrARRAana,
1776 2957 1795 2980 I
1808 2956 1920 2987 diplomi
1937 2957 2011 2981 della
2031 2955 2190 2981 cattedrale

1298 2999 1328 3022 di
1352 2999 1480 3028 Massiua,
1501 3001 1557 3031 cit„
1579 3007 1605 3031 p.
1626 3005 1686 3032 205.

2214 2822 2296 2859 30'
