2320 3444
1843 251 1912 288 195
1925 261 2002 287 Mun„
2019 268 2052 283 ce.
2069 262 2154 288 1038-39

859 249 1134 286 CHRONICA

39 414 41 418 Α
79 379 184 418 dicto,
208 380 291 423 quia
312 380 347 412 in
371 380 545 413 electione
567 389 638 413 non
669 381 785 414 fuerat
814 381 880 414 rite
910 391 1120 423 processum,
1151 382 1375 424 optinuerunt
1406 382 1451 415 ad
1479 383 1622 415 multam
1652 383 1850 416 instantiam
1874 394 1918 416 ne

37 427 61 474 ᾗῖ·
80 433 325 466 monasterium
349 433 387 466 in
403 433 553 466 deterius
568 440 741 476 uergeret,
757 439 794 467 ut
809 435 940 467 electus
956 434 1031 477 ipse
1047 435 1315 468 amministraret
1330 446 1439 478 usque
1459 436 1503 468 ad
1518 435 1775 478 beneplacitum
1790 447 1882 480 pape
1897 436 1917 469 ¹.

31 522 39 528 Α
167 486 301 519 Eodem
324 496 443 519 mense
466 487 613 531 Augusti
643 487 688 519 de
711 487 873 520 mandato
897 488 1118 530 Imperatoris
1143 489 1186 520 de
1215 488 1368 522 Lucerio
1391 495 1476 531 aput
1508 489 1714 522 Rauennam
1739 490 1872 522 uadunt
1894 500 1917 523 x

50 543 51 546 ’
78 539 186 573 millia
209 539 479 572 sarracenorum
501 541 538 572 in
558 540 746 573 subsidium
777 541 852 573 eius
864 540 886 579 ²,
917 551 995 573 cum
1027 541 1191 574 ciutatem
1221 542 1332 584 ipsam
1356 542 1391 574 in
1413 542 1530 575 odium
1554 543 1788 586 Imperatoris,
1820 544 1918 576 cuius

36 596 49 635 3·
80 600 214 638 partem
232 593 387 632 fouebat,
412 594 441 626 F
442 593 607 632 auenfini,
631 593 690 636 qui
712 600 810 626 erant
827 603 870 626 ex
885 600 982 637 parte
998 593 1312 627 Mediolanensium
1336 596 1492 638 grauiter
1513 596 1732 634 infestarent3
1750 597 1796 629 ad
1820 597 1919 629 cuius

44 674 47 679 ,
79 647 183 679 etiam
207 646 390 678 defensam
411 652 608 679 accesserat
639 645 767 690 Symon
791 657 908 680 comes
938 647 1130 680 Theatinus
1152 647 1196 680 de
1218 648 1382 681 mandato
1406 648 1578 691 imperiali
1605 660 1684 682 cum
1715 649 1916 693 quingentis

33 702 42 733 ἒ,
78 698 245 732 militibus
258 699 282 732 ³.

32 747 38 787 f
165 752 288 785 Mense
313 752 530 795 Septembris
553 753 724 785 Heuricus
746 753 791 786 de
806 753 926 786 Morta
943 753 1110 797 Magister
1125 754 1326 787 iustitiarius
1341 755 1438 787 uenit
1452 756 1499 788 ad
1515 756 1681 788 Sanctum
1698 756 1919 796 Germanum,

38 823 42 852 ;
77 812 113 840 et
135 805 320 839 occasione
343 806 577 849 inquisitionis
599 805 683 838 olim
705 806 800 839 facte
824 806 953 839 ibidem
978 807 1022 839 de
1055 807 1242 840 subtractis
1272 807 1470 840 hominibus
1501 815 1658 851 tempore
1688 809 1843 852 Philippi
1873 811 1917 843 de

35 865 46 895 ,Ξ
77 859 174 894 Citro
196 858 241 892 ab
265 869 373 901 opere
395 859 596 891 munitionis
618 865 711 891 terre
734 859 853 902 ipsius,
876 859 1083 903 generaliter
1105 870 1168 902 pro
1193 860 1258 893 hiis
1281 860 1340 904 qui
1371 871 1429 893 eos
1459 862 1700 894 subtraxerant
1722 873 1787 905 per
1809 869 1917 896 totam

77 912 266 951 abbatiam,
290 913 483 954 composuit
505 923 584 944 cum
607 912 656 944 eis
678 912 724 944 ad
746 912 911 944 maiorem
933 923 1059 954 penam
1081 913 1259 946 uitandam
1283 913 1318 945 in
1341 923 1407 946 ccc
1421 915 1543 946 uncias
1558 915 1644 952 auri,
1661 925 1739 947 cum
1756 916 1916 958 predicto

31 1003 34 1006 ⁴
76 976 162 999 uero
184 966 348 1008 Philippo
372 966 416 998 de
440 965 538 998 Citro
561 965 598 997 in
622 969 760 998 centum
772 964 801 1003 *ς
818 971 854 998 et
868 971 950 998 tunc
966 971 1110 999 uocatus
1125 977 1145 999 a
1160 965 1292 999 cesare
1307 967 1353 1000 ad
1368 967 1480 1010 ipsum
1495 967 1533 999 in
1549 968 1795 1002 Lombardiam
1810 970 1916 1002 uadit.

37 1015 39 1018 ⁴
163 1018 285 1052 Mense
302 1017 464 1051 Octobris
478 1018 672 1061 Imperator
689 1018 783 1061 cepit
797 1019 1007 1051 Marcariam
1022 1019 1058 1051 in
1073 1019 1317 1052 Lombardiam
1331 1019 1359 1057 ‘;
1376 1026 1410 1053 et
1426 1030 1505 1052 cum
1520 1021 1628 1053 nollet
1644 1021 1762 1054 habita
1777 1021 1920 1054 Mantua

36 1062 39 1069 ’
77 1073 206 1116 alloqui
229 1071 436 1110 cardinales,
459 1070 525 1113 ipsi
541 1070 689 1104 Romam
706 1071 834 1103 reuersi
849 1077 943 1109 sunt;
960 1071 1020 1104 ubi
1038 1071 1142 1104 etiam
1158 1072 1268 1105 biduo
1284 1078 1366 1105 ante
1383 1071 1575 1116 Gregorius
1589 1084 1681 1116 papa
1697 1075 1741 1107 de
1758 1074 1916 1108 Uiterbio

34 1129 40 1161 ζ
79 1126 244 1164 redierat,
267 1130 303 1157 et
325 1134 404 1157 cum
427 1124 558 1156 honore
581 1124 690 1156 multo
712 1129 876 1167 receptus
899 1124 1014 1157 fuerat
1037 1135 1058 1156 a
1080 1125 1250 1158 Romanis
1264 1125 1286 1158 ⁸.

27 1219 30 1223 ι
165 1179 287 1211 Mense
312 1177 520 1211 Nouembris
543 1177 795 1210 embassatores
818 1177 971 1211 Romani
995 1179 1041 1210 ad
1063 1178 1310 1222 Imperatorem
1333 1180 1369 1212 in
1392 1179 1642 1213 Lombardiam
1658 1180 1801 1214 uadunt.
1848 1182 1915 1214 Im-

75 1238 218 1276 perator
241 1242 318 1264 cum
342 1231 520 1264 fortunato
543 1230 699 1263 exercitu
721 1241 782 1263 suo
806 1231 900 1274 cepit
922 1230 1080 1264 Montem
1103 1232 1234 1265 clarum
1258 1232 1296 1264 in
1312 1232 1515 1275 episcopatu
1530 1234 1656 1266 Brexie
1668 1232 1692 1271 ⁷,
1708 1235 1802 1277 quod
1817 1234 1917 1267 bonis

22 1278 28 1279 ⁷
77 1284 237 1318 omnibus
259 1284 443 1327 spoliatum
466 1283 623 1316 comburi
646 1284 756 1322 iubet3
781 1290 925 1326 propter
947 1285 1043 1327 quod
1067 1285 1272 1318 Brexienses
1286 1286 1322 1318 in
1338 1296 1436 1318 suum
1453 1287 1619 1319 auxilium
1635 1287 1915 1321 Mediolanenses

20 1344 38 1357 '⁴
74 1344 213 1377 uocant,
235 1338 295 1382 qui
316 1338 353 1370 in
376 1347 480 1370 manu
502 1336 635 1370 ualida'
657 1336 801 1369 militum
826 1343 861 1370 et
884 1338 1039 1380 peditum
1063 1345 1276 1382 congregato
1300 1340 1466 1379 exercitu,
1483 1351 1601 1372 uersus
1617 1340 1779 1374 Brexiam
1795 1341 1831 1373 in
1846 1342 1919 1374 eius
2002 1359 2023 1375 c.
2037 1359 2086 1378 nv

24 1436 26 1438 Ι
75 1392 239 1426 auxilium
261 1390 415 1434 protecti
438 1396 528 1429 sunt,
552 1396 672 1423 contra
689 1391 938 1433 Imperatorem
955 1402 991 1424 se
1006 1397 1140 1424 temere
1157 1398 1387 1435 opponentes.
1434 1392 1533 1430 Quos
1549 1393 1742 1436 Imperator
1762 1394 1837 1436 ipse
1859 1404 1918 1427 1111

20 1439 38 1493 i„
73 1451 186 1479 stante
209 1444 330 1478 eodem
353 1454 471 1476 mense
495 1443 717 1483 Nouembris,
740 1454 819 1477 cum
843 1443 936 1488 apud
959 1445 1102 1478 Curtem
1124 1456 1247 1478 nouam
1271 1456 1332 1478 sua
1354 1446 1502 1479 tentoria
1519 1446 1733 1480 defexissent
1748 1447 1793 1480 ab
1807 1448 1916 1490 ipsius

75 1498 170 1532 facie
193 1498 381 1542 fugientes,
404 1497 574 1530 audacter
598 1507 668 1530 non
691 1498 803 1530 minus
825 1508 928 1542 quam
951 1503 1115 1541 potenter
1137 1498 1319 1539 inuadens,
1342 1499 1472 1532 deuicit
1495 1499 1531 1532 in
1555 1510 1691 1543 campo,
1715 1506 1750 1533 et
1774 1511 1816 1533 ex
1830 1502 1915 1544 ipsis

1942 1448 2043 1469 Victoria
2053 1449 2120 1474 impe»
2128 1457 2151 1470 a-

1965 1476 2022 1495 toris
2026 1491 2031 1496 .

163 1636 189 1662 3.
209 1628 243 1654 de
263 1628 383 1654 Lucerio
401 1628 579 1659 suprascritto
597 1636 644 1653 con
662 1628 792 1653 riclaiamo
812 1629 875 1654 Cod.
895 1642 928 1646 —
948 1634 973 1659 ς.
994 1628 1131 1653 fovebant
1150 1629 1224 1654 Usu.
1246 1638 1259 1653 e
1277 1629 1339 1654 Dm,
1361 1629 1404 1654 Rs:
1430 1643 1463 1647 —
1489 1629 1515 1654 6.
1540 1629 1639 1655 Simon
1664 1630 1750 1660 Uen..
1775 1631 1838 1656 DsL
1862 1631 1915 1661 Ra,

34 1683 39 1702 χ
77 1671 175 1697 Ρικτῑ
194 1680 208 1696 e
227 1670 323 1696 GAun.
342 1684 376 1688 —-
398 1677 438 1703 ¹3-
458 1670 626 1695 Mortariam
645 1671 674 1694 in
695 1670 867 1695 Lombardia
885 1670 962 1695 Uou.
983 1684 1014 1688 ——
1038 1670 1076 1695 16.
1097 1672 1319 1696 ambasciatores
1338 1672 1414 1697 Uen.
1435 1681 1448 1695 e
1467 1673 1530 1697 DEL
1549 1673 1592 1697 Ra
1612 1686 1646 1690 —-
1674 1680 1714 1705 19.
1742 1676 1915 1699 vocaverant

29 1729 43 1751 1,
77 1722 127 1739 non
146 1715 252 1739 vocant
271 1713 346 1738 Uos.

163 1810 171 1827 ¹
191 1810 239 1837 Cf.
256 1819 284 1844 p.
305 1817 353 1843 193
374 1818 403 1836 n.
424 1817 447 1835 1.

67 2953 126 2985 cit„
146 2951 254 2984 alvan.)
275 2953 377 2978 “xlm.
390 2954 556 2986 septembris
570 2953 771 2985 applicuerunt
785 2953 813 2977 in
827 2952 960 2978 districtu

69 2994 250 3021 “Mantuano
275 2998 380 3029 septem
407 2996 500 3020 millia
525 2997 671 3029 sagittarii
699 2995 778 3020 missi
798 2994 833 3020 de
851 2995 960 3027 Apulia

67 3035 81 3050 '¹
94 3037 124 3062 ln
143 3037 319 3063 adlutorium
338 3038 448 3062 domini
476 3039 699 3071 imperat‹›ris„;
720 3037 754 3061 cf.
781 3043 850 3069 pure
873 3037 959 3062 Huni.-

1019 1810 1286 1841 Laanssaltuontss,
1305 1811 1339 1842 V,
1362 1818 1419 1844 130.

1010 2951 1029 2966 Ἤ
1040 2951 1131 2977 Clesil
1156 2959 1245 2985 prope
1271 2952 1498 2983 Calclnacum„;
1521 2953 1639 2976 Annales
1665 2953 1827 2981 Placentini.
1850 2953 1910 2984 est..

1014 2995 1048 3020 nd
1075 3002 1114 3023 a.;
1134 2994 1294 3019 Memoriale
1308 2998 1471 3025 potestatum
1497 2995 1682 3027 Regiensium.
1702 2996 1768 3019 RR.
1790 2995 1829 3020 Il.
1850 2996 1910 3026 SS„

1014 3036 1090 3067 VIII,
1110 3038 1142 3061 ad
1164 3045 1190 3061 a.

27 1873 36 1881 ,.
161 1852 173 1870 ⁸
190 1853 204 1878 1
221 1854 395 1879 Musulmani
410 1853 486 1878 della
499 1854 652 1886 provincla
664 1853 692 1878 di
708 1853 844 1887 Girgenti
859 1856 964 1878 turono
1107 1853 1117 1871 ⁴
1136 1854 1254 1887 Filippo
1274 1855 1307 1879 de
1326 1855 1420 1886 Citro,
1439 1856 1629 1881 contestablle
1647 1856 1677 1881 di
1699 1856 1806 1890 Capua,
1821 1858 1858 1882 cf.
1871 1858 1912 1883 al·
1938 1859 1972 1886 35

8 1928 10 1930 v
23 1898 34 1927 ζ’,
72 1896 246 1929 trapiantatl
266 1896 310 1921 sul
323 1896 395 1921 colli
408 1895 554 1925 Lucerini,
572 1896 653 1928 quasi
674 1895 752 1921 uello
765 1897 855 1920 stesso
869 1898 964 1928 tempo
1019 1898 1065 1922 l'a.
1088 1904 1163 1930 1230.

36 1938 44 1946 ’“
71 1937 104 1962 ln
117 1938 164 1963 cul
177 1939 200 1963 sl
214 1938 406 1964 trasserivano
421 1939 450 1962 in
464 1937 589 1962 Siciliai
608 1937 743 1962 crIstlani
757 1938 801 1963 del
815 1939 964 1963 territorio
1107 1938 1118 1954 ⁵
1137 1939 1168 1965 Si
1185 1941 1268 1964 trova
1286 1941 1376 1964 anche
1395 1940 1543 1971 Mercaria,
1563 1949 1607 1966 ma
1627 1942 1654 1966 la
1673 1941 1814 1966 cittadina
1839 1950 1854 1966 a
1878 1948 1910 1967 22

34 1987 35 1990 ’
72 1979 103 2006 di
115 1980 234 2006 Celano.
267 1980 292 2005 Il
305 1982 552 2013 trapiantamento
566 1980 612 2005 dei
626 1980 844 2005 Musulmaniin
858 1981 964 2006 Lucera
1019 1981 1074 2006 km.
1100 1981 1135 2006 da
1161 1982 1300 2007 Mantova
1327 1989 1466 2007 conserva
1494 1990 1599 2008 ancora
1625 1983 1744 2008 l'antieo
1774 1991 1857 2008 nome
1882 1985 1910 2008 dl

32 2039 41 2052 ς
71 2025 199 2056 pare-sia
217 2025 361 2049 avvenuto
381 2023 459 2056 negli
477 2023 546 2047 anni
563 2028 692 2054 1224-253
706 2030 762 2048 una
775 2023 897 2048 soconda
911 2023 964 2048 im·
1019 2023 1167 2048 Mai-caria.

7 2076 9 2078 ·
27 2096 30 2099 ῃ
70 2066 248 2099 migrazioue
267 2064 324 2098 pub
344 2066 503 2097 assegnarsi
522 2065 546 2089 al
568 2065 649 2097 1246;
667 2063 683 2089 ὲ
702 2065 833 2090 favolosa
846 2065 875 2090 la
888 2067 964 2090 tei-za
1106 2063 1118 2081 ⁶
1137 2066 1236 2095 Vinta,
1256 2075 1270 2091 a
1292 2066 1366 2091 furia
1386 2066 1414 2090 di
1435 2067 1552 2099 popolo,
1572 2067 1783 2100 l’opposizione
1797 2068 1828 2092 di
1841 2068 1911 2093 Glo-
1939 2073 1974 2098 40

26 2124 41 2140 .·
70 2109 122 2133 che
139 2109 254 2133 sarebbe
273 2110 430 2140 provenuta
450 2107 624 2132 dan’Africa
643 2107 766 2132 secondo
779 2107 904 2141 l'ipotesi
919 2108 963 2132 del
1019 2109 1106 2132 vanni
1123 2107 1136 2120 “
1148 2107 1273 2139 Cintio„
1296 2108 1318 2132 il
1333 2109 1482 2138 Ponteflce,
1497 2109 1625 2133 invitato
1643 2110 1679 2134 da
1698 2108 1846 2134 Giovanni
1860 2109 1911 2134 Ca·

38 2151 41 2156 “
69 2149 275 2182 wicus-aum,
295 2150 464 2174 Dissertatio
485 2150 524 2174 II.
560 2149 602 2174 De
627 2150 744 2174 Luceria
763 2150 828 2175 urbe
847 2151 962 2175 §arach
1018 2150 1101 2182 poccl
1119 2149 1200 2181 figlio
1219 2149 1263 2174 del
1282 2150 1389 2174 celebre
1410 2149 1558 2175 Giovanni
1584 2157 1599 2174 e
1625 2151 1742 2176 fratello
1761 2151 1789 2175 di
1813 2151 1911 2176 Pietro

35 2183 41 2199 ’γ
69 2193 159 2224 nisque
178 2201 195 2217 a
216 2192 360 2217 Fridaerico
388 2193 426 2216 II
443 2193 608 2222 imperatore
633 2200 661 2216 eo
685 2193 828 2222 traductis,
853 2191 963 2224 Lipsis„
1017 2192 1163 2217 cardinale
1181 2192 1305 2217 diacono
1326 2191 1339 2205 ‘⁴
1351 2193 1386 2216 ad
1401 2193 1493 2217 velum
1508 2200 1621 2218 aureum
1632 2211 1657 2224 η,
1676 2192 1763 2218 torno
1777 2194 1806 2218 in
1822 2193 1912 2218 Roma

37 2227 43 2230 ’Ἴ
69 2233 228 2264 Ασαιάειῐι.,
256 2233 332 2267 1845,
357 2242 384 2266 p.
412 2241 452 2259 ιι.
489 2225 512 2259 E
535 2235 717 2266 pienamente
743 2234 778 2259 da
804 2235 963 2267 accogllere
1017 2235 1063 2258 nei
1078 2235 1163 2267 primi
1184 2233 1378 2259 deu’ottobre.
1404 2234 1428 2259 11
1443 2235 1600 2268 privilegio
1614 2235 1642 2259 di
1658 2234 1799 2268 Gregorio
1812 2235 1851 2260 lx
1863 2243 1912 2268 per

24 2271 30 2293 '¹
69 2276 228 2310 l'oplnlone
246 2276 411 2309 dell’ssgidi,
430 2276 454 2301 ll
475 2277 557 2310 quale
580 2277 663 2301 crede
681 2277 732 2303 che
753 2276 889 2301 FederIco
908 2284 961 2302 con
1016 2276 1039 2300 ll
1059 2278 1221 2301 monastero
1241 2276 1270 2301 di
1290 2276 1381 2302 Colba
1402 2277 1431 2301 fu
1451 2277 1520 2302 dato
1542 2277 1562 2301 il
1581 2284 1596 2309 3
1618 2279 1670 2302 ott.
1691 2277 1748 2308 (“v
1768 2285 1836 2302 non.
1855 2280 1911 2302 oct.
1940 2281 1971 2307 45

26 2312 31 2344 f
68 2320 169 2351 questo
186 2319 435 2352 trapiantnmento
454 2319 500 2344 del
517 2319 651 2344 Saraceni
666 2320 696 2343 in
710 2318 818 2344 Lucera
831 2319 914 2344 abbia
927 2320 963 2343 da
1017 2318 1030 2332 “
1044 2319 1144 2344 indict.
1164 2325 1204 2349 xi,
1226 2320 1335 2343 incarn.
1356 2319 1430 2344 dom.
1450 2326 1474 2344 a.
1497 2325 1573 2352 1237,
1598 2321 1679 2352 pont.
1705 2327 1730 2344 a.
1758 2318 1801 2345 11⁰
1812 2319 1855 2353 „);
1875 2321 1911 2344 cf.

39 2384 41 2387 ,
67 2368 125 2387 una
145 2363 223 2395 parte
242 2362 375 2386 troncato
395 2361 423 2386 la
442 2362 598 2386 resistenza
617 2361 692 2386 delle
714 2362 906 2386 lnsurrezloni
931 2363 962 2386 in
1016 2361 1185 2392 Pomm-ST,
1205 2369 1232 2386 n.
1255 2366 1348 2393 10457.

29 2407 45 2432 ᾖ
67 2401 180 2434 Sicilia,
199 2404 232 2428 ed
251 2404 335 2428 abbia
355 2403 502 2428 dall’altra
519 2403 700 2436 provveduto
719 2403 778 2428 alla
796 2404 962 2428 colonizza-
1103 2402 1115 2420 ⁷
1128 2403 1278 2428 L’assedlo
1291 2404 1320 2428 dl
1335 2403 1543 2433 Montechiaro,
1557 2412 1572 2429 a
1586 2404 1732 2430 sud-ovest
1746 2405 1776 2429 di
1790 2405 1911 2436 Brescia,

26 2448 38 2482 J
68 2447 153 2472 sione
172 2446 203 2471 di
221 2446 336 2476 Lucera,
355 2444 404 2479 gia
423 2446 460 2471 da
479 2447 576 2479 tempo
595 2446 757 2479 spopolata,
771 2453 787 2471 e
800 2447 834 2471 ad
848 2453 962 2471 aumen-
1017 2447 1047 2471 fu
1073 2447 1196 2482 lnizlato
1223 2447 1243 2471 il
1264 2452 1276 2478 7
1299 2447 1423 2471 ottobre.
1456 2446 1587 2471 “Eodem
1606 2454 1683 2472 anno
1703 2447 1797 2480 [1237]
1817 2448 1911 2472 dictus

68 2489 128 2514 tare
146 2488 157 2513 l
176 2488 307 2521 prodottl
327 2489 356 2513 di
377 2488 441 2520 quel
456 2490 537 2513 vasto
552 2488 684 2513 demanio
698 2488 859 2521 imperiale;
873 2488 909 2513 cf.
924 2489 962 2513 Μ.
1017 2487 1197 2522 “imperator
1223 2496 1286 2514 cum
1315 2497 1417 2522 magno
1446 2489 1573 2514 exercitu
1603 2490 1658 2514 ivit
1686 2490 1760 2514 circa
1788 2491 1910 2514 castrum
1939 2493 1973 2520 50

27 2522 39 2528 ’
68 2531 183 2561 Amant,
197 2531 290 2557 Storia
303 2531 349 2556 dei
358 2529 579 2560 Musulmani(1⁸
591 2529 683 2563 edlz.)‚
699 2530 746 2562 111,
761 2530 827 2560 6013
839 2531 964 2556 Estratei
1017 2528 1030 2543 ⁶¹
1041 2531 1226 2556 Monteclarii
1247 2532 1397 2556 districtus
1418 2531 1524 2556 Brixie.
1562 2532 1593 2556 In
1613 2533 1673 2556 eius
1688 2531 1853 2556 adiutorum
1867 2532 1909 2556 in-

67 2573 118 2599 dal
141 2573 223 2599 Tarih
242 2573 376 2603 Mansuri,
391 2574 421 2598 in
435 2573 575 2598 Archiv
586 2574 594 2597 i
604 2581 621 2597 o
641 2573 742 2598 Storl
753 2581 792 2598 co
811 2573 960 2599 Sicilla-
1017 2572 1204 2598 “terruerunt
1217 2573 1421 2598 Cremonenses
1436 2573 1602 2598 Parmenses
1615 2573 1792 2598 Mutinenses
1804 2573 1909 2606 Regini

27 2648 31 2651 ¹
69 2623 128 2645 no,
152 2616 187 2641 N.
211 2615 247 2645 S„
271 2615 412 2644 Palermo,
433 2615 509 2648 1883,
528 2623 556 2648 p.
583 2622 649 2644 1¹1;
675 2615 707 2640 E.
731 2615 960 2645 meaamarm,
1017 2614 1070 2639 “et
1087 2615 1213 2640 Icerinus
1232 2615 1266 2640 de
1285 2615 1416 2640 Romano
1436 2623 1500 2640 cum
1518 2617 1684 2648 quingentis
1705 2615 1846 2640 milltibus
1862 2616 1910 2640 Pa-

34 2658 170 2683 '=Ka⁸‘5er
189 2658 331 2684 Friedrich
352 2659 391 2687 ll,
411 2659 469 2683 vol.
488 2658 509 2687 Ι,
530 2658 692 2691 Einleitung
711 2664 752 2686 ιν,
765 2659 822 2687 clt..
836 2666 884 2692 pp.
897 2663 960 2691 537-
1015 2655 1028 2669 ⁴⁸
1041 2657 1145 2682 duanis
1162 2657 1322 2682 Trlvlsinis
1341 2657 1526 2681 Vincentinls
1546 2657 1760 2682 Veronensibus
1778 2659 1806 2682 et
1828 2656 1909 2682 Man-

66 2698 116 2732 383
135 2700 248 2725 l‘mrno
261 2700 358 2730 Ecum,
378 2700 421 2725 La
440 2701 543 2726 colonia
564 2701 705 2726 Saracena
723 2700 754 2724 di
770 2699 882 2729 bucera,
902 2701 961 2731 cit„
1017 2699 1147 2724 “tuan1s.
1183 2699 1219 2724 Et
1239 2700 1432 2724 interfuerunt
1451 2699 1532 2724 multi
1555 2700 1663 2724 milites
1681 2700 1715 2724 de
1728 2699 1868 2724 Tridento
1881 2702 1910 2724 et
1939 2704 1969 2731 55

2 2763 4 2767 ,
67 2749 95 2775 p.
117 2748 150 2767 ιο
166 2749 181 2767 e
201 2749 241 2774 sg.
1017 2741 1097 2766 “duo
1117 2741 1211 2766 millia
1230 2742 1264 2766 de
1283 2742 1458 2766 Alamannia
1477 2743 1505 2766 et
1525 2741 1569 2765 illi
1591 2743 1695 2774 septem
1716 2741 1810 2766 millia
1823 2743 1909 2773 sagit—

32 2775 34 2779 *
156 2782 167 2799 ³
185 2783 302 2809 Simone
320 2786 405 2810 conte
423 2785 453 2810 dl
474 2784 571 2809 Chieti
587 2784 616 2809 lo
635 2785 658 2808 si
673 2784 785 2810 rltrova
798 2782 916 2817 podest&
930 2784 960 2809 dl
1017 2783 1109 2809 “tarii
1135 2785 1268 2809 Saraceni
1283 2802 1305 2817 ,,.
1343 2785 1484 2809 ΡΑκιειυε
1506 2791 1543 2808 ns
1568 2783 1697 2813 Caua-rt..
1722 2785 1788 2809 cit.=
1815 2783 1908 2809 “Item

66 2825 182 2852 Padova
208 2826 254 2851 nel
276 2827 385 2859 glugno
412 2833 487 2860 1237.
523 2826 644 2859 Nell‘ag.
670 2826 777 2851 turono
796 2826 923 2851 inandatl
945 2834 960 2850 a
1016 2824 1087 2850 “dle
1105 2833 1151 2851 vu
1176 2827 1304 2850 intrante
1330 2826 1441 2850 octobri
1469 2825 1580 2849 obsedit
1605 2826 1762 2857 imperator
1787 2827 1908 2850 castrum

67 2869 240 2894 combuttere
250 2870 281 2893 in
294 2867 466 2894 Lombardia
479 2868 491 2894 1
503 2869 636 2893 Saraceni
651 2868 680 2892 di
694 2869 810 2899 Lucem,
822 2868 868 2893 del
881 2868 958 2901 quali
1017 2867 1030 2881 “
1041 2868 1222 2893 Montlsclarl
1243 2875 1305 2892 cum
1325 2868 1451 2892 exercitu
1471 2867 1653 2892 Rexanorum
1665 2876 1670 2892 :
1690 2867 1829 2901 hospitati
1853 2868 1910 2892 sue-

44 2911 47 2916 '
67 2910 204 2942 (secondo
218 2911 238 2936 il
259 2911 404 2936 chronicon
426 2912 571 2937 Veronense
583 2910 611 2935 di
627 2911 766 2936 Pursws
779 2918 816 2936 na
830 2909 960 2940 Citam-A.
1016 2910 1029 2924 ¹³
1041 2912 1107 2935 runt
1126 2911 1202 2935 inter
1222 2911 1456 2935 Montemclarum
1471 2912 1499 2934 et
1513 2910 1697 2934 Calcinacum
1712 2917 1794 2943 super
1809 2909 1909 2934 flumen
1937 2912 1972 2937 60
