<?xml version="1.0" encoding="UTF-8"?>
<!DOCTYPE html PUBLIC "-//W3C//DTD XHTML 1.0 Transitional//EN"
    "http://www.w3.org/TR/xhtml1/DTD/xhtml1-transitional.dtd">
<html xmlns="http://www.w3.org/1999/xhtml" xml:lang="en" lang="en">
 <head>
  <title>
</title>
<meta http-equiv="Content-Type" content="text/html;charset=utf-8" />
  <meta name='ocr-system' content='tesseract 3.04.00' />
  <meta name='ocr-capabilities' content='ocr_page ocr_carea ocr_par ocr_line ocrx_word'/>
</head>
<body>
  <div class='ocr_page' id='page_1' title='image "./rerumitalicarums72murauoft_0219.png"; bbox 0 0 2320 3444; ppageno 0'>
   <div class='ocr_carea' id='block_1_1' title="bbox 8 367 943 2501">
    <p class='ocr_par' dir='ltr' id='par_1_1' title="bbox 8 367 943 2501">
     <span class='ocr_line' id='line_1_1' title="bbox 46 367 941 412; baseline -0.001 -9.016"><span class='ocrx_word' id='word_1_1' title='bbox 46 367 48 372; x_wconf 77' lang='lat'>&#39;</span> <span class='ocrx_word' id='word_1_2' title='bbox 99 370 115 388; x_wconf 99' lang='lat'>⁸</span> <span class='ocrx_word' id='word_1_3' title='bbox 130 375 245 404; x_wconf 80' lang='lat' dir='ltr'><strong>castra</strong></span> <span class='ocrx_word' id='word_1_4' title='bbox 274 369 351 412; x_wconf 80' lang='lat' dir='ltr'><strong>ipsa</strong></span> <span class='ocrx_word' id='word_1_5' title='bbox 374 370 521 402; x_wconf 87' lang='lat' dir='ltr'>reddere</span> <span class='ocrx_word' id='word_1_6' title='bbox 539 380 608 403; x_wconf 89' lang='lat' dir='ltr'><strong>non</strong></span> <span class='ocrx_word' id='word_1_7' title='bbox 632 369 843 402; x_wconf 81' lang='lat' dir='ltr'><strong>debebant1.</strong></span> <span class='ocrx_word' id='word_1_8' title='bbox 889 370 941 402; x_wconf 90' lang='lat' dir='ltr'><strong>De</strong></span> 
     </span>
     <span class='ocr_line' id='line_1_2' title="bbox 44 423 942 466; baseline 0 -10"><span class='ocrx_word' id='word_1_9' title='bbox 44 459 47 462; x_wconf 55' lang='grc'>,</span> <span class='ocrx_word' id='word_1_10' title='bbox 97 424 113 441; x_wconf 90' lang='lat'>⁸</span> <span class='ocrx_word' id='word_1_11' title='bbox 126 423 352 457; x_wconf 82' lang='lat' dir='ltr'><strong>Cathaniensi</strong></span> <span class='ocrx_word' id='word_1_12' title='bbox 392 424 559 466; x_wconf 86' lang='lat' dir='ltr'><strong>episcopo</strong></span> <span class='ocrx_word' id='word_1_13' title='bbox 597 423 789 465; x_wconf 85' lang='lat' dir='ltr'><strong>paternitas</strong></span> <span class='ocrx_word' id='word_1_14' title='bbox 825 428 942 456; x_wconf 85' lang='lat' dir='ltr'><strong>uestra</strong></span> 
     </span>
     <span class='ocr_line' id='line_1_3' title="bbox 98 476 940 519; baseline -0.003 -8.206"><span class='ocrx_word' id='word_1_15' title='bbox 98 477 114 494; x_wconf 82' lang='lat'>⁸</span> <span class='ocrx_word' id='word_1_16' title='bbox 128 487 197 511; x_wconf 90' lang='lat' dir='ltr'><strong>non</strong></span> <span class='ocrx_word' id='word_1_17' title='bbox 221 477 327 510; x_wconf 88' lang='lat' dir='ltr'><strong>debet</strong></span> <span class='ocrx_word' id='word_1_18' title='bbox 350 477 414 510; x_wconf 86' lang='lat' dir='ltr'><strong>sub</strong></span> <span class='ocrx_word' id='word_1_19' title='bbox 437 477 672 510; x_wconf 83' lang='lat' dir='ltr'><strong>taciturnitate</strong></span> <span class='ocrx_word' id='word_1_20' title='bbox 690 476 838 510; x_wconf 82' lang='lat' dir='ltr'><strong>transire</strong></span> <span class='ocrx_word' id='word_1_21' title='bbox 855 486 940 519; x_wconf 91' lang='lat' dir='ltr'><strong>quo-</strong></span> 
     </span>
     <span class='ocr_line' id='line_1_4' title="bbox 97 530 941 574; baseline -0.004 -10"><span class='ocrx_word' id='word_1_22' title='bbox 97 530 113 548; x_wconf 78' lang='lat'>⁸</span> <span class='ocrx_word' id='word_1_23' title='bbox 126 531 232 564; x_wconf 90' lang='lat' dir='ltr'><strong>modo</strong></span> <span class='ocrx_word' id='word_1_24' title='bbox 256 530 291 563; x_wconf 87' lang='lat' dir='ltr'><strong>in</strong></span> <span class='ocrx_word' id='word_1_25' title='bbox 315 531 390 563; x_wconf 89' lang='lat' dir='ltr'><strong>eius</strong></span> <span class='ocrx_word' id='word_1_26' title='bbox 403 530 560 563; x_wconf 82' lang='lat' dir='ltr'><strong>manibus</strong></span> <span class='ocrx_word' id='word_1_27' title='bbox 574 535 684 564; x_wconf 87' lang='lat' dir='ltr'><strong>totum</strong></span> <span class='ocrx_word' id='word_1_28' title='bbox 700 531 862 574; x_wconf 88' lang='lat' dir='ltr'><strong>Regnum</strong></span> <span class='ocrx_word' id='word_1_29' title='bbox 878 540 941 562; x_wconf 91' lang='lat' dir='ltr'><strong>no-</strong></span> 
     </span>
     <span class='ocr_line' id='line_1_5' title="bbox 99 583 940 627; baseline -0.004 -10"><span class='ocrx_word' id='word_1_30' title='bbox 99 586 234 617; x_wconf 82' lang='lat' dir='ltr'><strong>“strum</strong></span> <span class='ocrx_word' id='word_1_31' title='bbox 257 584 364 616; x_wconf 74' lang='lat' dir='ltr'><strong>fuerit</strong></span> <span class='ocrx_word' id='word_1_32' title='bbox 386 595 448 616; x_wconf 86' lang='lat' dir='ltr'><strong>sua</strong></span> <span class='ocrx_word' id='word_1_33' title='bbox 478 583 723 627; x_wconf 83' lang='lat' dir='ltr'><strong>prodigalitate</strong></span> <span class='ocrx_word' id='word_1_34' title='bbox 749 593 940 621; x_wconf 88' lang='lat' dir='ltr'><strong>corrosum,</strong></span> 
     </span>
     <span class='ocr_line' id='line_1_6' title="bbox 43 636 941 682; baseline -0.003 -11.026"><span class='ocrx_word' id='word_1_35' title='bbox 43 636 48 674; x_wconf 66' lang='grc'><strong>’,</strong></span> <span class='ocrx_word' id='word_1_36' title='bbox 97 640 113 657; x_wconf 84' lang='lat'>⁸</span> <span class='ocrx_word' id='word_1_37' title='bbox 125 645 243 682; x_wconf 90' lang='lat' dir='ltr'><strong>preter</strong></span> <span class='ocrx_word' id='word_1_38' title='bbox 256 638 324 671; x_wconf 86' lang='lat' dir='ltr'><strong>alia</strong></span> <span class='ocrx_word' id='word_1_39' title='bbox 339 649 406 682; x_wconf 91' lang='lat' dir='ltr'><strong>que</strong></span> <span class='ocrx_word' id='word_1_40' title='bbox 423 638 518 670; x_wconf 80' lang='lat' dir='ltr'><strong>fama</strong></span> <span class='ocrx_word' id='word_1_41' title='bbox 533 637 675 680; x_wconf 90' lang='lat' dir='ltr'><strong>publica</strong></span> <span class='ocrx_word' id='word_1_42' title='bbox 692 636 803 669; x_wconf 91' lang='lat' dir='ltr'><strong>obicit</strong></span> <span class='ocrx_word' id='word_1_43' title='bbox 818 642 941 669; x_wconf 88' lang='lat' dir='ltr'><strong>contra</strong></span> 
     </span>
     <span class='ocr_line' id='line_1_7' title="bbox 38 688 941 733; baseline -0.003 -8"><span class='ocrx_word' id='word_1_44' title='bbox 38 690 42 729; x_wconf 69' lang='lat' dir='ltr'><strong><em>J</em></strong></span> <span class='ocrx_word' id='word_1_45' title='bbox 96 692 112 709; x_wconf 86' lang='lat'>⁸</span> <span class='ocrx_word' id='word_1_46' title='bbox 127 702 207 725; x_wconf 88' lang='lat' dir='ltr'><strong>eum</strong></span> <span class='ocrx_word' id='word_1_47' title='bbox 221 691 243 724; x_wconf 80' lang='lat'><strong>².</strong></span> <span class='ocrx_word' id='word_1_48' title='bbox 291 692 393 724; x_wconf 90' lang='lat' dir='ltr'>Enim</span> <span class='ocrx_word' id='word_1_49' title='bbox 432 701 516 724; x_wconf 90' lang='lat' dir='ltr'><strong>uero</strong></span> <span class='ocrx_word' id='word_1_50' title='bbox 554 690 831 733; x_wconf 86' lang='lat' dir='ltr'><strong>Cephaludensis</strong></span> <span class='ocrx_word' id='word_1_51' title='bbox 869 688 941 722; x_wconf 83' lang='lat' dir='ltr'><strong>uita</strong></span> 
     </span>
     <span class='ocr_line' id='line_1_8' title="bbox 41 743 943 788; baseline -0.003 -10"><span class='ocrx_word' id='word_1_52' title='bbox 41 747 45 783; x_wconf 62' lang='grc' dir='ltr'>ζ</span> <span class='ocrx_word' id='word_1_53' title='bbox 99 745 190 778; x_wconf 82' lang='lat' dir='ltr'><strong>“sub</strong></span> <span class='ocrx_word' id='word_1_54' title='bbox 221 745 314 778; x_wconf 87' lang='lat' dir='ltr'><strong>nube</strong></span> <span class='ocrx_word' id='word_1_55' title='bbox 341 745 471 788; x_wconf 85' lang='lat' dir='ltr'><strong>tegitur</strong></span> <span class='ocrx_word' id='word_1_56' title='bbox 500 750 534 778; x_wconf 90' lang='lat' dir='ltr'><strong>et</strong></span> <span class='ocrx_word' id='word_1_57' title='bbox 565 753 670 776; x_wconf 90' lang='lat' dir='ltr'><strong>neces</strong></span> <span class='ocrx_word' id='word_1_58' title='bbox 701 743 882 776; x_wconf 87' lang='lat' dir='ltr'><strong>castellani</strong></span> <span class='ocrx_word' id='word_1_59' title='bbox 906 748 943 775; x_wconf 92' lang='lat' dir='ltr'><strong>et</strong></span> 
     </span>
     <span class='ocr_line' id='line_1_9' title="bbox 42 795 942 843; baseline -0.007 -10.059"><span class='ocrx_word' id='word_1_60' title='bbox 42 820 44 822; x_wconf 97' lang='grc'>-</span> <span class='ocrx_word' id='word_1_61' title='bbox 97 799 112 816; x_wconf 87' lang='lat'>⁸</span> <span class='ocrx_word' id='word_1_62' title='bbox 127 800 355 843; x_wconf 87' lang='lat' dir='ltr'><strong>quorumdam</strong></span> <span class='ocrx_word' id='word_1_63' title='bbox 378 797 698 841; x_wconf 89' lang='lat' dir='ltr'><strong>Cephaludensium</strong></span> <span class='ocrx_word' id='word_1_64' title='bbox 723 796 849 829; x_wconf 90' lang='lat' dir='ltr'><strong>ciuium</strong></span> <span class='ocrx_word' id='word_1_65' title='bbox 873 795 942 828; x_wconf 86' lang='lat' dir='ltr'><strong>suis</strong></span> 
     </span>
     <span class='ocr_line' id='line_1_10' title="bbox 98 850 942 896; baseline -0.005 -11"><span class='ocrx_word' id='word_1_66' title='bbox 98 854 341 895; x_wconf 82' lang='lat' dir='ltr'><strong>“perpetrate,</strong></span> <span class='ocrx_word' id='word_1_67' title='bbox 379 862 527 896; x_wconf 90' lang='lat' dir='ltr'><strong>quorum</strong></span> <span class='ocrx_word' id='word_1_68' title='bbox 561 851 700 895; x_wconf 85' lang='lat' dir='ltr'><strong>sanguis</strong></span> <span class='ocrx_word' id='word_1_69' title='bbox 734 850 942 883; x_wconf 87' lang='lat' dir='ltr'><strong>innocenter</strong></span> 
     </span>
     <span class='ocr_line' id='line_1_11' title="bbox 96 902 942 939; baseline -0.005 -1"><span class='ocrx_word' id='word_1_70' title='bbox 96 904 112 923; x_wconf 74' lang='lat'><strong>¹⁴</strong></span> <span class='ocrx_word' id='word_1_71' title='bbox 126 906 260 938; x_wconf 80' lang='lat' dir='ltr'><strong>effusus</strong></span> <span class='ocrx_word' id='word_1_72' title='bbox 275 906 443 939; x_wconf 86' lang='lat' dir='ltr'><strong>aduersus</strong></span> <span class='ocrx_word' id='word_1_73' title='bbox 464 904 680 937; x_wconf 73' lang='lat' dir='ltr'><strong>sacerdotem</strong></span> <span class='ocrx_word' id='word_1_74' title='bbox 697 908 851 935; x_wconf 87' lang='lat' dir='ltr'><strong>uestrum</strong></span> <span class='ocrx_word' id='word_1_75' title='bbox 869 902 942 935; x_wconf 88' lang='lat' dir='ltr'><strong>cla-</strong></span> 
     </span>
     <span class='ocr_line' id='line_1_12' title="bbox 99 955 939 1000; baseline -0.006 -8"><span class='ocrx_word' id='word_1_76' title='bbox 99 961 114 977; x_wconf 83' lang='lat'>“</span> <span class='ocrx_word' id='word_1_77' title='bbox 126 965 197 992; x_wconf 83' lang='lat' dir='ltr'><strong>mat</strong></span> <span class='ocrx_word' id='word_1_78' title='bbox 220 960 265 992; x_wconf 89' lang='lat' dir='ltr'><strong>ad</strong></span> <span class='ocrx_word' id='word_1_79' title='bbox 289 969 352 992; x_wconf 88' lang='lat' dir='ltr'><strong>nos</strong></span> <span class='ocrx_word' id='word_1_80' title='bbox 374 957 419 991; x_wconf 90' lang='lat' dir='ltr'><strong>de</strong></span> <span class='ocrx_word' id='word_1_81' title='bbox 436 964 538 1000; x_wconf 84' lang='lat' dir='ltr'><strong>terra,</strong></span> <span class='ocrx_word' id='word_1_82' title='bbox 556 967 673 990; x_wconf 86' lang='lat' dir='ltr'><strong>coram</strong></span> <span class='ocrx_word' id='word_1_83' title='bbox 697 955 861 989; x_wconf 85' lang='lat' dir='ltr'><strong>tribunali</strong></span> <span class='ocrx_word' id='word_1_84' title='bbox 878 965 939 988; x_wconf 89' lang='lat' dir='ltr'><strong>ue-</strong></span> 
     </span>
     <span class='ocr_line' id='line_1_13' title="bbox 95 1007 940 1047; baseline -0.006 -1"><span class='ocrx_word' id='word_1_85' title='bbox 95 1012 111 1030; x_wconf 81' lang='lat'>⁸</span> <span class='ocrx_word' id='word_1_86' title='bbox 126 1018 197 1046; x_wconf 88' lang='lat' dir='ltr'><strong>stro</strong></span> <span class='ocrx_word' id='word_1_87' title='bbox 219 1023 290 1045; x_wconf 89' lang='lat' dir='ltr'><strong>non</strong></span> <span class='ocrx_word' id='word_1_88' title='bbox 313 1012 458 1044; x_wconf 89' lang='lat' dir='ltr'><strong>ueniunt</strong></span> <span class='ocrx_word' id='word_1_89' title='bbox 473 1011 519 1044; x_wconf 93' lang='lat' dir='ltr'><strong>ad</strong></span> <span class='ocrx_word' id='word_1_90' title='bbox 536 1020 693 1043; x_wconf 86' lang='lat' dir='ltr'><strong>examen.</strong></span> <span class='ocrx_word' id='word_1_91' title='bbox 740 1007 846 1047; x_wconf 91' lang='lat' dir='ltr'><strong>Quod</strong></span> <span class='ocrx_word' id='word_1_92' title='bbox 861 1019 940 1042; x_wconf 91' lang='lat' dir='ltr'><strong>cum</strong></span> 
     </span>
     <span class='ocr_line' id='line_1_14' title="bbox 99 1063 940 1105; baseline -0.006 -6"><span class='ocrx_word' id='word_1_93' title='bbox 99 1067 190 1099; x_wconf 82' lang='lat' dir='ltr'><strong>“nos</strong></span> <span class='ocrx_word' id='word_1_94' title='bbox 213 1071 352 1099; x_wconf 90' lang='lat' dir='ltr'><strong>moueat</strong></span> <span class='ocrx_word' id='word_1_95' title='bbox 382 1066 429 1098; x_wconf 85' lang='lat' dir='ltr'><strong>ad</strong></span> <span class='ocrx_word' id='word_1_96' title='bbox 461 1064 623 1097; x_wconf 80' lang='lat' dir='ltr'>lacrimas</span> <span class='ocrx_word' id='word_1_97' title='bbox 654 1069 688 1096; x_wconf 88' lang='lat' dir='ltr'><strong>et</strong></span> <span class='ocrx_word' id='word_1_98' title='bbox 711 1063 748 1094; x_wconf 91' lang='lat' dir='ltr'><strong>in</strong></span> <span class='ocrx_word' id='word_1_99' title='bbox 772 1068 940 1105; x_wconf 79' lang='lat' dir='ltr'><strong>cospectu</strong></span> 
     </span>
     <span class='ocr_line' id='line_1_15' title="bbox 98 1116 941 1161; baseline -0.007 -8"><span class='ocrx_word' id='word_1_100' title='bbox 98 1121 237 1153; x_wconf 84' lang='lat' dir='ltr'><strong>“uestro</strong></span> <span class='ocrx_word' id='word_1_101' title='bbox 260 1120 305 1152; x_wconf 86' lang='lat' dir='ltr'><strong>sit</strong></span> <span class='ocrx_word' id='word_1_102' title='bbox 327 1117 509 1161; x_wconf 89' lang='lat' dir='ltr'><strong>proposito</strong></span> <span class='ocrx_word' id='word_1_103' title='bbox 531 1117 695 1155; x_wconf 83' lang='lat' dir='ltr'><strong>seriatim,</strong></span> <span class='ocrx_word' id='word_1_104' title='bbox 711 1116 799 1148; x_wconf 87' lang='lat' dir='ltr'><strong>iuste</strong></span> <span class='ocrx_word' id='word_1_105' title='bbox 816 1126 941 1158; x_wconf 79' lang='lat' dir='ltr'><strong>preces</strong></span> 
     </span>
     <span class='ocr_line' id='line_1_16' title="bbox 94 1169 940 1206; baseline -0.005 0"><span class='ocrx_word' id='word_1_106' title='bbox 94 1173 110 1190; x_wconf 76' lang='lat'>⁸</span> <span class='ocrx_word' id='word_1_107' title='bbox 125 1173 280 1206; x_wconf 86' lang='lat' dir='ltr'><strong>nondum</strong></span> <span class='ocrx_word' id='word_1_108' title='bbox 296 1171 509 1204; x_wconf 85' lang='lat' dir='ltr'><strong>audientiam</strong></span> <span class='ocrx_word' id='word_1_109' title='bbox 531 1176 743 1203; x_wconf 83' lang='lat' dir='ltr'><strong>meruerunt.</strong></span> <span class='ocrx_word' id='word_1_110' title='bbox 790 1171 844 1202; x_wconf 89' lang='lat' dir='ltr'><strong>De</strong></span> <span class='ocrx_word' id='word_1_111' title='bbox 867 1169 940 1202; x_wconf 89' lang='lat' dir='ltr'><strong>cle-</strong></span> 
     </span>
     <span class='ocr_line' id='line_1_17' title="bbox 94 1224 940 1267; baseline -0.004 -9"><span class='ocrx_word' id='word_1_112' title='bbox 94 1227 109 1244; x_wconf 85' lang='lat'>“</span> <span class='ocrx_word' id='word_1_113' title='bbox 124 1226 206 1259; x_wconf 84' lang='lat' dir='ltr'><strong>ricis</strong></span> <span class='ocrx_word' id='word_1_114' title='bbox 229 1235 325 1266; x_wconf 86' lang='lat' dir='ltr'><strong>uero,</strong></span> <span class='ocrx_word' id='word_1_115' title='bbox 348 1225 438 1258; x_wconf 85' lang='lat' dir='ltr'><strong>sicut</strong></span> <span class='ocrx_word' id='word_1_116' title='bbox 457 1235 519 1267; x_wconf 89' lang='lat' dir='ltr'><strong>per</strong></span> <span class='ocrx_word' id='word_1_117' title='bbox 542 1224 699 1257; x_wconf 84' lang='lat' dir='ltr'><strong>offitiales</strong></span> <span class='ocrx_word' id='word_1_118' title='bbox 721 1229 858 1257; x_wconf 88' lang='lat' dir='ltr'><strong>nostros</strong></span> <span class='ocrx_word' id='word_1_119' title='bbox 881 1233 940 1255; x_wconf 90' lang='lat' dir='ltr'><strong>ue·-</strong></span> 
     </span>
     <span class='ocr_line' id='line_1_18' title="bbox 96 1277 940 1315; baseline -0.006 -2"><span class='ocrx_word' id='word_1_120' title='bbox 96 1281 235 1313; x_wconf 85' lang='lat' dir='ltr'><strong>“ridica</strong></span> <span class='ocrx_word' id='word_1_121' title='bbox 266 1279 434 1312; x_wconf 82' lang='lat' dir='ltr'><strong>relatione</strong></span> <span class='ocrx_word' id='word_1_122' title='bbox 458 1278 560 1311; x_wconf 84' lang='lat' dir='ltr'><strong>nobis</strong></span> <span class='ocrx_word' id='word_1_123' title='bbox 583 1277 744 1315; x_wconf 86' lang='lat' dir='ltr'><strong>innotuit,</strong></span> <span class='ocrx_word' id='word_1_124' title='bbox 767 1282 864 1309; x_wconf 86' lang='lat' dir='ltr'><strong>tanta</strong></span> <span class='ocrx_word' id='word_1_125' title='bbox 888 1282 940 1308; x_wconf 87' lang='lat' dir='ltr'><strong>est</strong></span> 
     </span>
     <span class='ocr_line' id='line_1_19' title="bbox 98 1331 941 1374; baseline -0.005 -8"><span class='ocrx_word' id='word_1_126' title='bbox 98 1336 113 1352; x_wconf 76' lang='lat'>⁸</span> <span class='ocrx_word' id='word_1_127' title='bbox 127 1343 245 1366; x_wconf 89' lang='lat' dir='ltr'><strong>eorum</strong></span> <span class='ocrx_word' id='word_1_128' title='bbox 271 1333 444 1365; x_wconf 80' lang='lat' dir='ltr'><strong>effrenata</strong></span> <span class='ocrx_word' id='word_1_129' title='bbox 459 1331 616 1369; x_wconf 86' lang='lat' dir='ltr'><strong>licentia,</strong></span> <span class='ocrx_word' id='word_1_130' title='bbox 632 1331 726 1374; x_wconf 91' lang='lat' dir='ltr'><strong>quod</strong></span> <span class='ocrx_word' id='word_1_131' title='bbox 749 1335 889 1363; x_wconf 89' lang='lat' dir='ltr'><strong>centum</strong></span> <span class='ocrx_word' id='word_1_132' title='bbox 906 1334 941 1362; x_wconf 88' lang='lat' dir='ltr'><strong>et</strong></span> 
     </span>
     <span class='ocr_line' id='line_1_20' title="bbox 98 1384 940 1431; baseline -0.005 -11"><span class='ocrx_word' id='word_1_133' title='bbox 98 1387 306 1431; x_wconf 85' lang='lat' dir='ltr'><strong>“octoginta</strong></span> <span class='ocrx_word' id='word_1_134' title='bbox 335 1386 401 1419; x_wconf 90' lang='lat' dir='ltr'><strong>uiri</strong></span> <span class='ocrx_word' id='word_1_135' title='bbox 432 1386 476 1419; x_wconf 86' lang='lat' dir='ltr'><strong>ab</strong></span> <span class='ocrx_word' id='word_1_136' title='bbox 507 1386 558 1418; x_wconf 86' lang='lat' dir='ltr'><strong>eis</strong></span> <span class='ocrx_word' id='word_1_137' title='bbox 593 1391 675 1418; x_wconf 88' lang='lat' dir='ltr'><strong>sunt</strong></span> <span class='ocrx_word' id='word_1_138' title='bbox 704 1384 821 1428; x_wconf 86' lang='lat' dir='ltr'><strong>gladio</strong></span> <span class='ocrx_word' id='word_1_139' title='bbox 852 1384 940 1416; x_wconf 84' lang='lat' dir='ltr'><strong>inte·-</strong></span> 
     </span>
     <span class='ocr_line' id='line_1_21' title="bbox 98 1439 940 1484; baseline -0.006 -10"><span class='ocrx_word' id='word_1_140' title='bbox 98 1441 260 1484; x_wconf 78' lang='lat' dir='ltr'><strong>“rempti,</strong></span> <span class='ocrx_word' id='word_1_141' title='bbox 294 1446 412 1484; x_wconf 86' lang='lat' dir='ltr'><strong>preter</strong></span> <span class='ocrx_word' id='word_1_142' title='bbox 446 1450 612 1473; x_wconf 85' lang='lat' dir='ltr'><strong>excessus</strong></span> <span class='ocrx_word' id='word_1_143' title='bbox 642 1439 728 1472; x_wconf 87' lang='lat' dir='ltr'><strong>alios</strong></span> <span class='ocrx_word' id='word_1_144' title='bbox 752 1448 838 1482; x_wconf 92' lang='lat' dir='ltr'><strong>quos</strong></span> <span class='ocrx_word' id='word_1_145' title='bbox 861 1448 940 1480; x_wconf 85' lang='lat' dir='ltr'><strong>pas-</strong></span> 
     </span>
     <span class='ocr_line' id='line_1_22' title="bbox 98 1491 937 1536; baseline -0.006 -8"><span class='ocrx_word' id='word_1_146' title='bbox 98 1495 189 1528; x_wconf 78' lang='lat' dir='ltr'><strong>“sim</strong></span> <span class='ocrx_word' id='word_1_147' title='bbox 215 1500 250 1527; x_wconf 90' lang='lat' dir='ltr'><strong>et</strong></span> <span class='ocrx_word' id='word_1_148' title='bbox 271 1494 518 1527; x_wconf 82' lang='lat' dir='ltr'><strong>indifferenter</strong></span> <span class='ocrx_word' id='word_1_149' title='bbox 547 1493 677 1536; x_wconf 87' lang='lat' dir='ltr'><strong>ubique</strong></span> <span class='ocrx_word' id='word_1_150' title='bbox 700 1491 937 1525; x_wconf 87' lang='lat' dir='ltr'><strong>commictunt.</strong></span> 
     </span>
     <span class='ocr_line' id='line_1_23' title="bbox 96 1546 941 1591; baseline -0.006 -10"><span class='ocrx_word' id='word_1_151' title='bbox 96 1549 112 1565; x_wconf 79' lang='lat'>⁸</span> <span class='ocrx_word' id='word_1_152' title='bbox 127 1548 264 1588; x_wconf 82' lang='lat' dir='ltr'><strong>Quibus</strong></span> <span class='ocrx_word' id='word_1_153' title='bbox 298 1548 393 1591; x_wconf 93' lang='lat' dir='ltr'><strong>quod</strong></span> <span class='ocrx_word' id='word_1_154' title='bbox 417 1547 536 1580; x_wconf 87' lang='lat' dir='ltr'><strong>debita</strong></span> <span class='ocrx_word' id='word_1_155' title='bbox 559 1557 628 1578; x_wconf 90' lang='lat' dir='ltr'><strong>non</strong></span> <span class='ocrx_word' id='word_1_156' title='bbox 652 1546 759 1578; x_wconf 76' lang='lat' dir='ltr'><strong>fuerit</strong></span> <span class='ocrx_word' id='word_1_157' title='bbox 782 1555 846 1588; x_wconf 89' lang='lat' dir='ltr'><strong>pro</strong></span> <span class='ocrx_word' id='word_1_158' title='bbox 870 1555 941 1576; x_wconf 92' lang='lat' dir='ltr'><strong>me·-</strong></span> 
     </span>
     <span class='ocr_line' id='line_1_24' title="bbox 23 1599 939 1642; baseline -0.007 -6.026"><span class='ocrx_word' id='word_1_159' title='bbox 23 1635 25 1637; x_wconf 86' lang='grc'><em>,</em></span> <span class='ocrx_word' id='word_1_160' title='bbox 97 1602 112 1618; x_wconf 79' lang='grc'>“</span> <span class='ocrx_word' id='word_1_161' title='bbox 126 1602 200 1635; x_wconf 86' lang='lat' dir='ltr'><strong>ritis</strong></span> <span class='ocrx_word' id='word_1_162' title='bbox 245 1600 547 1634; x_wconf 87' lang='lat' dir='ltr'><strong>animaduersione</strong></span> <span class='ocrx_word' id='word_1_163' title='bbox 593 1610 810 1642; x_wconf 89' lang='lat' dir='ltr'><strong>responsum,</strong></span> <span class='ocrx_word' id='word_1_164' title='bbox 848 1599 939 1631; x_wconf 85' lang='lat' dir='ltr'><strong>hanc</strong></span> 
     </span>
     <span class='ocr_line' id='line_1_25' title="bbox 8 1647 941 1697; baseline -0.005 -8"><span class='ocrx_word' id='word_1_165' title='bbox 8 1647 26 1693; x_wconf 65' lang='lat'><strong>,³</strong></span> <span class='ocrx_word' id='word_1_166' title='bbox 47 1654 113 1694; x_wconf 70' lang='lat'><strong>050⁸</strong></span> <span class='ocrx_word' id='word_1_167' title='bbox 127 1665 247 1688; x_wconf 88' lang='lat' dir='ltr'><strong>eorum</strong></span> <span class='ocrx_word' id='word_1_168' title='bbox 269 1653 484 1697; x_wconf 89' lang='lat' dir='ltr'><strong>impunitate&#39;</strong></span> <span class='ocrx_word' id='word_1_169' title='bbox 508 1653 773 1686; x_wconf 89' lang='lat' dir='ltr'><strong>retributionem</strong></span> <span class='ocrx_word' id='word_1_170' title='bbox 812 1652 941 1684; x_wconf 75' lang='lat' dir='ltr'><strong>fuimus</strong></span> 
     </span>
     <span class='ocr_line' id='line_1_26' title="bbox 10 1705 939 1750; baseline -0.005 -7"><span class='ocrx_word' id='word_1_171' title='bbox 10 1705 23 1715; x_wconf 78' lang='lat'><strong>&#39;&#39;</strong></span> <span class='ocrx_word' id='word_1_172' title='bbox 99 1711 114 1728; x_wconf 85' lang='lat'>“</span> <span class='ocrx_word' id='word_1_173' title='bbox 127 1710 292 1747; x_wconf 80' lang='lat' dir='ltr'><strong>assecuti,</strong></span> <span class='ocrx_word' id='word_1_174' title='bbox 315 1714 352 1741; x_wconf 90' lang='lat' dir='ltr'><strong>ut</strong></span> <span class='ocrx_word' id='word_1_175' title='bbox 375 1707 477 1741; x_wconf 88' lang='lat' dir='ltr'><strong>talem</strong></span> <span class='ocrx_word' id='word_1_176' title='bbox 490 1718 555 1750; x_wconf 87' lang='lat' dir='ltr'><strong>pro</strong></span> <span class='ocrx_word' id='word_1_177' title='bbox 579 1708 628 1740; x_wconf 89' lang='lat' dir='ltr'><strong>eis</strong></span> <span class='ocrx_word' id='word_1_178' title='bbox 645 1713 766 1740; x_wconf 88' lang='lat' dir='ltr'><strong>contra</strong></span> <span class='ocrx_word' id='word_1_179' title='bbox 781 1716 843 1738; x_wconf 89' lang='lat' dir='ltr'><strong>nos</strong></span> <span class='ocrx_word' id='word_1_180' title='bbox 855 1717 939 1749; x_wconf 91' lang='lat' dir='ltr'><strong>que-</strong></span> 
     </span>
     <span class='ocr_line' id='line_1_27' title="bbox 99 1761 940 1804; baseline -0.004 -9"><span class='ocrx_word' id='word_1_181' title='bbox 99 1762 309 1795; x_wconf 71' lang='lat' dir='ltr'><strong>“timonium</strong></span> <span class='ocrx_word' id='word_1_182' title='bbox 348 1762 516 1795; x_wconf 80' lang='lat' dir='ltr'><strong>feceritis.</strong></span> <span class='ocrx_word' id='word_1_183' title='bbox 561 1761 676 1804; x_wconf 87' lang='lat' dir='ltr'><strong>Super</strong></span> <span class='ocrx_word' id='word_1_184' title='bbox 713 1761 940 1803; x_wconf 84' lang='lat' dir='ltr'><strong>responsione</strong></span> 
     </span>
     <span class='ocr_line' id='line_1_28' title="bbox 98 1813 939 1858; baseline -0.005 -9"><span class='ocrx_word' id='word_1_185' title='bbox 98 1818 209 1849; x_wconf 86' lang='lat' dir='ltr'><strong>“uero</strong></span> <span class='ocrx_word' id='word_1_186' title='bbox 233 1816 328 1849; x_wconf 73' lang='lat' dir='ltr'><strong>facta</strong></span> <span class='ocrx_word' id='word_1_187' title='bbox 349 1815 541 1848; x_wconf 80' lang='lat' dir='ltr'><strong>uenerabili</strong></span> <span class='ocrx_word' id='word_1_188' title='bbox 565 1815 730 1858; x_wconf 89' lang='lat' dir='ltr'><strong>episcopo</strong></span> <span class='ocrx_word' id='word_1_189' title='bbox 754 1813 939 1847; x_wconf 89' lang='lat' dir='ltr'><strong>Sabinensi</strong></span> 
     </span>
     <span class='ocr_line' id='line_1_29' title="bbox 99 1867 938 1912; baseline -0.006 -9"><span class='ocrx_word' id='word_1_190' title='bbox 99 1871 160 1902; x_wconf 83' lang='lat' dir='ltr'><strong>“et</strong></span> <span class='ocrx_word' id='word_1_191' title='bbox 182 1869 227 1903; x_wconf 88' lang='lat' dir='ltr'><strong>de</strong></span> <span class='ocrx_word' id='word_1_192' title='bbox 250 1869 374 1902; x_wconf 87' lang='lat' dir='ltr'><strong>eadem</strong></span> <span class='ocrx_word' id='word_1_193' title='bbox 399 1880 463 1912; x_wconf 90' lang='lat' dir='ltr'><strong>per</strong></span> <span class='ocrx_word' id='word_1_194' title='bbox 485 1868 649 1901; x_wconf 88' lang='lat' dir='ltr'><strong>nunctios</strong></span> <span class='ocrx_word' id='word_1_195' title='bbox 671 1867 851 1910; x_wconf 80' lang='lat' dir='ltr'><strong>replicata,</strong></span> <span class='ocrx_word' id='word_1_196' title='bbox 875 1867 938 1898; x_wconf 90' lang='lat' dir='ltr'><strong>mi-</strong></span> 
     </span>
     <span class='ocr_line' id='line_1_30' title="bbox 98 1922 940 1965; baseline -0.005 -9"><span class='ocrx_word' id='word_1_197' title='bbox 98 1923 195 1956; x_wconf 77' lang='lat' dir='ltr'><strong>“rari</strong></span> <span class='ocrx_word' id='word_1_198' title='bbox 228 1933 299 1955; x_wconf 88' lang='lat' dir='ltr'><strong>non</strong></span> <span class='ocrx_word' id='word_1_199' title='bbox 334 1922 456 1956; x_wconf 85' lang='lat' dir='ltr'><strong>debuit</strong></span> <span class='ocrx_word' id='word_1_200' title='bbox 492 1922 682 1965; x_wconf 87' lang='lat' dir='ltr'><strong>paternitas</strong></span> <span class='ocrx_word' id='word_1_201' title='bbox 711 1925 839 1953; x_wconf 86' lang='lat' dir='ltr'><strong>uestra:</strong></span> <span class='ocrx_word' id='word_1_202' title='bbox 875 1930 940 1963; x_wconf 86' lang='lat' dir='ltr'><strong>per</strong></span> 
     </span>
     <span class='ocr_line' id='line_1_31' title="bbox 94 1974 940 2019; baseline -0.004 -10"><span class='ocrx_word' id='word_1_203' title='bbox 94 1977 110 1995; x_wconf 89' lang='lat'>⁸</span> <span class='ocrx_word' id='word_1_204' title='bbox 125 1977 274 2010; x_wconf 83' lang='lat' dir='ltr'><strong>eundem</strong></span> <span class='ocrx_word' id='word_1_205' title='bbox 297 1976 501 2019; x_wconf 88' lang='lat' dir='ltr'><strong>episcopum</strong></span> <span class='ocrx_word' id='word_1_206' title='bbox 523 1975 609 2008; x_wconf 87' lang='lat' dir='ltr'><strong>talia</strong></span> <span class='ocrx_word' id='word_1_207' title='bbox 630 1974 820 2018; x_wconf 85' lang='lat' dir='ltr'><strong>requisistis</strong></span> <span class='ocrx_word' id='word_1_208' title='bbox 842 1985 863 2006; x_wconf 88' lang='lat' dir='ltr'><strong>a</strong></span> <span class='ocrx_word' id='word_1_209' title='bbox 878 1984 940 2007; x_wconf 89' lang='lat' dir='ltr'><strong>no-</strong></span> 
     </span>
     <span class='ocr_line' id='line_1_32' title="bbox 97 2022 939 2073; baseline -0.005 -10"><span class='ocrx_word' id='word_1_210' title='bbox 97 2031 112 2048; x_wconf 84' lang='lat'><strong>“</strong></span> <span class='ocrx_word' id='word_1_211' title='bbox 126 2029 190 2069; x_wconf 88' lang='lat' dir='ltr'><strong>bis,</strong></span> <span class='ocrx_word' id='word_1_212' title='bbox 206 2022 251 2063; x_wconf 81' lang='lat' dir='ltr'><strong>ad</strong></span> <span class='ocrx_word' id='word_1_213' title='bbox 266 2040 334 2073; x_wconf 92' lang='lat' dir='ltr'><strong>que</strong></span> <span class='ocrx_word' id='word_1_214' title='bbox 351 2039 421 2062; x_wconf 90' lang='lat' dir='ltr'><strong>non</strong></span> <span class='ocrx_word' id='word_1_215' title='bbox 437 2029 612 2072; x_wconf 87' lang='lat' dir='ltr'><strong>potuimus</strong></span> <span class='ocrx_word' id='word_1_216' title='bbox 628 2028 697 2060; x_wconf 82' lang='lat' dir='ltr'><strong>alia</strong></span> <span class='ocrx_word' id='word_1_217' title='bbox 712 2027 939 2069; x_wconf 88' lang='lat' dir='ltr'><strong>respondere.</strong></span> 
     </span>
     <span class='ocr_line' id='line_1_33' title="bbox 95 2080 940 2126; baseline -0.004 -10"><span class='ocrx_word' id='word_1_218' title='bbox 95 2085 111 2101; x_wconf 82' lang='lat'>⁸</span> <span class='ocrx_word' id='word_1_219' title='bbox 127 2083 224 2116; x_wconf 80' lang='lat' dir='ltr'><strong>Alias</strong></span> <span class='ocrx_word' id='word_1_220' title='bbox 247 2083 340 2116; x_wconf 89' lang='lat' dir='ltr'><strong>enim</strong></span> <span class='ocrx_word' id='word_1_221' title='bbox 363 2083 475 2126; x_wconf 89' lang='lat' dir='ltr'><strong>ipsum</strong></span> <span class='ocrx_word' id='word_1_222' title='bbox 499 2081 666 2126; x_wconf 84' lang='lat' dir='ltr'><strong>hylariter</strong></span> <span class='ocrx_word' id='word_1_223' title='bbox 688 2087 723 2114; x_wconf 92' lang='lat' dir='ltr'><strong>et</strong></span> <span class='ocrx_word' id='word_1_224' title='bbox 743 2080 940 2114; x_wconf 86' lang='lat' dir='ltr'><strong>honorabili</strong></span> 
     </span>
     <span class='ocr_line' id='line_1_34' title="bbox 98 2135 940 2179; baseline -0.005 -9"><span class='ocrx_word' id='word_1_225' title='bbox 98 2140 113 2156; x_wconf 88' lang='lat'>⁸</span> <span class='ocrx_word' id='word_1_226' title='bbox 125 2137 318 2170; x_wconf 78' lang='lat' dir='ltr'><strong>affectione</strong></span> <span class='ocrx_word' id='word_1_227' title='bbox 341 2137 548 2179; x_wconf 77' lang='lat' dir='ltr'><strong>recepimus.</strong></span> <span class='ocrx_word' id='word_1_228' title='bbox 562 2141 597 2168; x_wconf 87' lang='lat' dir='ltr'><strong>et</strong></span> <span class='ocrx_word' id='word_1_229' title='bbox 613 2135 676 2178; x_wconf 87' lang='lat' dir='ltr'><strong>ipsi</strong></span> <span class='ocrx_word' id='word_1_230' title='bbox 700 2135 887 2168; x_wconf 84' lang='lat' dir='ltr'><strong>detulimus</strong></span> <span class='ocrx_word' id='word_1_231' title='bbox 903 2139 940 2167; x_wconf 88' lang='lat' dir='ltr'><strong>ut</strong></span> 
     </span>
     <span class='ocr_line' id='line_1_35' title="bbox 96 2188 938 2232; baseline -0.005 -8"><span class='ocrx_word' id='word_1_232' title='bbox 96 2190 112 2208; x_wconf 89' lang='lat'>⁸</span> <span class='ocrx_word' id='word_1_233' title='bbox 125 2190 306 2224; x_wconf 86' lang='lat' dir='ltr'><strong>debemus:</strong></span> <span class='ocrx_word' id='word_1_234' title='bbox 330 2190 459 2223; x_wconf 90' lang='lat' dir='ltr'><strong>nedum</strong></span> <span class='ocrx_word' id='word_1_235' title='bbox 481 2199 546 2232; x_wconf 89' lang='lat' dir='ltr'><strong>pro</strong></span> <span class='ocrx_word' id='word_1_236' title='bbox 562 2189 761 2222; x_wconf 85' lang='lat' dir='ltr'><strong>reuerentia</strong></span> <span class='ocrx_word' id='word_1_237' title='bbox 777 2188 938 2226; x_wconf 85' lang='lat' dir='ltr'><strong>ecclesie,</strong></span> 
     </span>
     <span class='ocr_line' id='line_1_36' title="bbox 98 2241 938 2287; baseline -0.004 -11"><span class='ocrx_word' id='word_1_238' title='bbox 98 2245 114 2262; x_wconf 77' lang='lat'>⁸</span> <span class='ocrx_word' id='word_1_239' title='bbox 126 2243 226 2276; x_wconf 89' lang='lat' dir='ltr'><strong>euius</strong></span> <span class='ocrx_word' id='word_1_240' title='bbox 247 2243 395 2287; x_wconf 87' lang='lat' dir='ltr'><strong>spetiale</strong></span> <span class='ocrx_word' id='word_1_241' title='bbox 420 2242 609 2276; x_wconf 87' lang='lat' dir='ltr'><strong>membrum</strong></span> <span class='ocrx_word' id='word_1_242' title='bbox 624 2242 741 2275; x_wconf 84' lang='lat' dir='ltr'><strong>existit</strong></span> <span class='ocrx_word' id='word_1_243' title='bbox 756 2241 938 2274; x_wconf 89' lang='lat' dir='ltr'><strong>debuimus</strong></span> 
     </span>
     <span class='ocr_line' id='line_1_37' title="bbox 98 2296 936 2340; baseline -0.004 -10"><span class='ocrx_word' id='word_1_244' title='bbox 98 2297 237 2340; x_wconf 80' lang='lat' dir='ltr'><strong>“ipsum</strong></span> <span class='ocrx_word' id='word_1_245' title='bbox 261 2297 398 2340; x_wconf 83' lang='lat' dir='ltr'><strong>spetiali</strong></span> <span class='ocrx_word' id='word_1_246' title='bbox 421 2297 608 2330; x_wconf 84' lang='lat' dir='ltr'><strong>deuotione</strong></span> <span class='ocrx_word' id='word_1_247' title='bbox 631 2302 810 2336; x_wconf 85' lang='lat' dir='ltr'><strong>tractasse,</strong></span> <span class='ocrx_word' id='word_1_248' title='bbox 834 2296 936 2328; x_wconf 87' lang='lat' dir='ltr'><strong>immo</strong></span> 
     </span>
     <span class='ocr_line' id='line_1_38' title="bbox 98 2349 939 2394; baseline -0.001 -11"><span class='ocrx_word' id='word_1_249' title='bbox 98 2349 207 2394; x_wconf 80' lang='lat' dir='ltr'><strong>“quia</strong></span> <span class='ocrx_word' id='word_1_250' title='bbox 237 2350 402 2393; x_wconf 88' lang='lat' dir='ltr'><strong>princeps</strong></span> <span class='ocrx_word' id='word_1_251' title='bbox 430 2349 568 2393; x_wconf 86' lang='lat' dir='ltr'><strong>imperii</strong></span> <span class='ocrx_word' id='word_1_252' title='bbox 597 2349 705 2383; x_wconf 88' lang='lat' dir='ltr'><strong>nostri</strong></span> <span class='ocrx_word' id='word_1_253' title='bbox 735 2349 813 2388; x_wconf 82' lang='lat' dir='ltr'><strong>fuit,</strong></span> <span class='ocrx_word' id='word_1_254' title='bbox 845 2355 939 2382; x_wconf 88' lang='lat' dir='ltr'><strong>tene-</strong></span> 
     </span>
     <span class='ocr_line' id='line_1_39' title="bbox 97 2401 939 2446; baseline -0.001 -10"><span class='ocrx_word' id='word_1_255' title='bbox 97 2405 201 2436; x_wconf 83' lang='lat' dir='ltr'><strong>“mur</strong></span> <span class='ocrx_word' id='word_1_256' title='bbox 223 2402 457 2446; x_wconf 87' lang='lat' dir='ltr'><strong>[omni]modis</strong></span> <span class='ocrx_word' id='word_1_257' title='bbox 479 2403 664 2436; x_wconf 84' lang='lat' dir='ltr'><strong>honorare.</strong></span> <span class='ocrx_word' id='word_1_258' title='bbox 708 2401 766 2435; x_wconf 90' lang='lat' dir='ltr'><strong>Ad</strong></span> <span class='ocrx_word' id='word_1_259' title='bbox 795 2402 863 2435; x_wconf 89' lang='lat' dir='ltr'><strong>hoc</strong></span> <span class='ocrx_word' id='word_1_260' title='bbox 895 2402 939 2435; x_wconf 92' lang='lat' dir='ltr'><strong>de</strong></span> 
     </span>
     <span class='ocr_line' id='line_1_40' title="bbox 98 2455 939 2501; baseline -0.001 -12"><span class='ocrx_word' id='word_1_261' title='bbox 98 2458 207 2501; x_wconf 85' lang='lat' dir='ltr'><strong>“rege</strong></span> <span class='ocrx_word' id='word_1_262' title='bbox 241 2457 395 2490; x_wconf 86' lang='lat' dir='ltr'><strong>Iohanne</strong></span> <span class='ocrx_word' id='word_1_263' title='bbox 426 2466 548 2490; x_wconf 84' lang='lat' dir='ltr'><strong>socero</strong></span> <span class='ocrx_word' id='word_1_264' title='bbox 582 2462 709 2498; x_wconf 87' lang='lat' dir='ltr'><strong>nostro,</strong></span> <span class='ocrx_word' id='word_1_265' title='bbox 747 2455 939 2498; x_wconf 84' lang='lat' dir='ltr'><strong>paternitas</strong></span> 
     </span>
    </p>
   </div>
   <div class='ocr_carea' id='block_1_2' title="bbox 0 0 53 3028">
    <p class='ocr_par' dir='ltr' id='par_1_2' title="bbox 0 0 53 3028">
     <span class='ocr_line' id='line_1_41' title="bbox 0 0 53 3028; baseline 0 0"><span class='ocrx_word' id='word_1_266' title='bbox 0 0 53 3028; x_wconf 95' lang='lat' dir='ltr'><strong> </strong></span> 
     </span>
    </p>
   </div>
   <div class='ocr_carea' id='block_1_3' title="bbox 94 2542 305 2547">
    <p class='ocr_par' dir='ltr' id='par_1_3' title="bbox 94 2542 305 2547">
     <span class='ocr_line' id='line_1_42' title="bbox 94 2542 305 2547; baseline 0 0"><span class='ocrx_word' id='word_1_267' title='bbox 94 2542 305 2547; x_wconf 95' lang='lat' dir='ltr'><strong> </strong></span> 
     </span>
    </p>
   </div>
   <div class='ocr_carea' id='block_1_4' title="bbox 92 2589 938 2670">
    <p class='ocr_par' dir='ltr' id='par_1_4' title="bbox 92 2589 938 2670">
     <span class='ocr_line' id='line_1_43' title="bbox 184 2589 938 2625; baseline -0.003 -8"><span class='ocrx_word' id='word_1_268' title='bbox 184 2591 273 2624; x_wconf 85' lang='lat'><strong>17·18.</strong></span> <span class='ocrx_word' id='word_1_269' title='bbox 285 2591 417 2617; x_wconf 79' lang='lat' dir='ltr'><strong>vindicta</strong></span> <span class='ocrx_word' id='word_1_270' title='bbox 427 2589 459 2625; x_wconf 72' lang='grc' dir='ltr'><strong>(ἲ)</strong></span> <span class='ocrx_word' id='word_1_271' title='bbox 471 2590 583 2622; x_wconf 73' lang='grc' dir='ltr'><strong>6Αυυ.;</strong></span> <span class='ocrx_word' id='word_1_272' title='bbox 595 2591 706 2616; x_wconf 75' lang='lat' dir='ltr'><strong>uidicta</strong></span> <span class='ocrx_word' id='word_1_273' title='bbox 721 2591 784 2617; x_wconf 83' lang='lat' dir='ltr'><strong>Cod.</strong></span> <span class='ocrx_word' id='word_1_274' title='bbox 799 2603 832 2609; x_wconf 97' lang='lat'>—</span> <span class='ocrx_word' id='word_1_275' title='bbox 846 2589 938 2622; x_wconf 58' lang='lat'><strong>2647.</strong></span> 
     </span>
     <span class='ocr_line' id='line_1_44' title="bbox 92 2634 938 2670; baseline -0.004 -8"><span class='ocrx_word' id='word_1_276' title='bbox 92 2637 299 2670; x_wconf 76' lang='lat' dir='ltr'><strong>querimoninm</strong></span> <span class='ocrx_word' id='word_1_277' title='bbox 318 2638 420 2662; x_wconf 78' lang='lat' dir='ltr'><strong>contra</strong></span> <span class='ocrx_word' id='word_1_278' title='bbox 438 2642 491 2660; x_wconf 77' lang='lat' dir='ltr'><strong>nos</strong></span> <span class='ocrx_word' id='word_1_279' title='bbox 510 2634 606 2660; x_wconf 73' lang='lat' dir='ltr'><strong>GAun.</strong></span> <span class='ocrx_word' id='word_1_280' title='bbox 627 2648 660 2654; x_wconf 91' lang='lat'><strong>—</strong></span> <span class='ocrx_word' id='word_1_281' title='bbox 674 2641 716 2667; x_wconf 87' lang='lat'><strong>27.</strong></span> <span class='ocrx_word' id='word_1_282' title='bbox 730 2635 860 2660; x_wconf 77' lang='lat' dir='ltr'><strong>faceretis</strong></span> <span class='ocrx_word' id='word_1_283' title='bbox 874 2635 938 2661; x_wconf 78' lang='lat' dir='ltr'><strong>eod.</strong></span> 
     </span>
    </p>
   </div>
   <div class='ocr_carea' id='block_1_5' title="bbox 1 2746 988 3082">
    <p class='ocr_par' dir='ltr' id='par_1_5' title="bbox 1 2746 988 3082">
     <span class='ocr_line' id='line_1_45' title="bbox 181 2746 988 2780; baseline -0.004 -5"><span class='ocrx_word' id='word_1_284' title='bbox 181 2747 189 2764; x_wconf 88' lang='lat'>¹</span> <span class='ocrx_word' id='word_1_285' title='bbox 209 2748 251 2774; x_wconf 66' lang='lat' dir='ltr'><strong>Ne</strong></span> <span class='ocrx_word' id='word_1_286' title='bbox 270 2757 353 2775; x_wconf 87' lang='lat' dir='ltr'><strong>meno</strong></span> <span class='ocrx_word' id='word_1_287' title='bbox 373 2749 528 2774; x_wconf 78' lang='lat' dir='ltr'><strong>artificiosa</strong></span> <span class='ocrx_word' id='word_1_288' title='bbox 547 2746 562 2773; x_wconf 77' lang='grc' dir='ltr'><strong>ὲ</strong></span> <span class='ocrx_word' id='word_1_289' title='bbox 582 2748 610 2773; x_wconf 80' lang='lat' dir='ltr'><strong>ia</strong></span> <span class='ocrx_word' id='word_1_290' title='bbox 629 2749 754 2780; x_wconf 81' lang='lat' dir='ltr'><strong>risposta</strong></span> <span class='ocrx_word' id='word_1_291' title='bbox 773 2747 803 2772; x_wconf 84' lang='lat' dir='ltr'><strong>di</strong></span> <span class='ocrx_word' id='word_1_292' title='bbox 821 2747 934 2773; x_wconf 86' lang='lat' dir='ltr'><strong>Onorlo</strong></span> <span class='ocrx_word' id='word_1_293' title='bbox 947 2746 988 2772; x_wconf 91' lang='lat'><strong>111</strong></span> 
     </span>
     <span class='ocr_line' id='line_1_46' title="bbox 92 2790 987 2825; baseline -0.002 -8"><span class='ocrx_word' id='word_1_294' title='bbox 92 2799 124 2818; x_wconf 75' lang='lat' dir='ltr'><strong>su</strong></span> <span class='ocrx_word' id='word_1_295' title='bbox 143 2793 336 2824; x_wconf 73' lang='lat' dir='ltr'><strong>quest’aecusa</strong></span> <span class='ocrx_word' id='word_1_296' title='bbox 355 2792 497 2825; x_wconf 75' lang='lat' dir='ltr'><strong>specifica:</strong></span> <span class='ocrx_word' id='word_1_297' title='bbox 511 2791 524 2805; x_wconf 68' lang='lat'>⁸</span> <span class='ocrx_word' id='word_1_298' title='bbox 535 2790 733 2816; x_wconf 78' lang='lat' dir='ltr'><strong>Tarentinum.</strong></span> <span class='ocrx_word' id='word_1_299' title='bbox 743 2806 750 2815; x_wconf 94' lang='lat'><strong>.</strong></span> <span class='ocrx_word' id='word_1_300' title='bbox 761 2807 768 2815; x_wconf 90' lang='lat'><strong>.</strong></span> <span class='ocrx_word' id='word_1_301' title='bbox 778 2806 786 2815; x_wconf 93' lang='lat'><strong>.</strong></span> <span class='ocrx_word' id='word_1_302' title='bbox 799 2790 987 2823; x_wconf 77' lang='lat' dir='ltr'><strong>archiepisco-</strong></span> 
     </span>
     <span class='ocr_line' id='line_1_47' title="bbox 9 2831 987 2867; baseline -0.003 -8.021"><span class='ocrx_word' id='word_1_303' title='bbox 9 2831 14 2854; x_wconf 76' lang='grc' dir='ltr'>Ῐ</span> <span class='ocrx_word' id='word_1_304' title='bbox 48 2840 63 2867; x_wconf 78' lang='grc' dir='ltr'>ς</span> <span class='ocrx_word' id='word_1_305' title='bbox 93 2833 107 2848; x_wconf 73' lang='grc'>“</span> <span class='ocrx_word' id='word_1_306' title='bbox 119 2842 194 2867; x_wconf 87' lang='lat' dir='ltr'><strong>pum,</strong></span> <span class='ocrx_word' id='word_1_307' title='bbox 214 2841 294 2866; x_wconf 81' lang='lat' dir='ltr'><strong>quem</strong></span> <span class='ocrx_word' id='word_1_308' title='bbox 315 2834 389 2867; x_wconf 78' lang='lat' dir='ltr'><strong>apud</strong></span> <span class='ocrx_word' id='word_1_309' title='bbox 407 2835 437 2859; x_wconf 84' lang='lat' dir='ltr'><strong>te</strong></span> <span class='ocrx_word' id='word_1_310' title='bbox 455 2834 536 2866; x_wconf 80' lang='lat' dir='ltr'><strong>quasi</strong></span> <span class='ocrx_word' id='word_1_311' title='bbox 558 2841 573 2858; x_wconf 86' lang='lat' dir='ltr'><strong>a</strong></span> <span class='ocrx_word' id='word_1_312' title='bbox 592 2840 700 2857; x_wconf 81' lang='lat' dir='ltr'><strong>summo</strong></span> <span class='ocrx_word' id='word_1_313' title='bbox 719 2833 812 2864; x_wconf 79' lang='lat' dir='ltr'><strong>gratie</strong></span> <span class='ocrx_word' id='word_1_314' title='bbox 825 2832 855 2857; x_wconf 84' lang='lat' dir='ltr'><strong>ln</strong></span> <span class='ocrx_word' id='word_1_315' title='bbox 870 2832 987 2865; x_wconf 81' lang='lat' dir='ltr'><strong>profun-</strong></span> 
     </span>
     <span class='ocr_line' id='line_1_48' title="bbox 94 2875 987 2909; baseline -0.003 -7"><span class='ocrx_word' id='word_1_316' title='bbox 94 2876 184 2902; x_wconf 75' lang='lat' dir='ltr'><strong>“dum</strong></span> <span class='ocrx_word' id='word_1_317' title='bbox 203 2877 264 2902; x_wconf 88' lang='lat' dir='ltr'><strong>odii</strong></span> <span class='ocrx_word' id='word_1_318' title='bbox 285 2883 365 2902; x_wconf 81' lang='lat' dir='ltr'><strong>casus</strong></span> <span class='ocrx_word' id='word_1_319' title='bbox 383 2876 527 2909; x_wconf 82' lang='lat' dir='ltr'><strong>repentini</strong></span> <span class='ocrx_word' id='word_1_320' title='bbox 549 2875 674 2900; x_wconf 84' lang='lat' dir='ltr'><strong>mutatio</strong></span> <span class='ocrx_word' id='word_1_321' title='bbox 693 2875 734 2899; x_wconf 81' lang='lat' dir='ltr'><strong>sic</strong></span> <span class='ocrx_word' id='word_1_322' title='bbox 754 2875 866 2906; x_wconf 78' lang='lat' dir='ltr'><strong>deieclt‚</strong></span> <span class='ocrx_word' id='word_1_323' title='bbox 888 2876 919 2900; x_wconf 88' lang='lat' dir='ltr'><strong>ut</strong></span> <span class='ocrx_word' id='word_1_324' title='bbox 938 2876 987 2907; x_wconf 86' lang='lat' dir='ltr'><strong>qui</strong></span> 
     </span>
     <span class='ocr_line' id='line_1_49' title="bbox 93 2912 988 2953; baseline -0.003 -9"><span class='ocrx_word' id='word_1_325' title='bbox 93 2917 205 2953; x_wconf 67' lang='lat' dir='ltr'><strong>“paulo</strong></span> <span class='ocrx_word' id='word_1_326' title='bbox 225 2920 290 2944; x_wconf 77' lang='lat' dir='ltr'><strong>ante</strong></span> <span class='ocrx_word' id='word_1_327' title='bbox 309 2919 391 2951; x_wconf 80' lang='lat' dir='ltr'><strong>quasi</strong></span> <span class='ocrx_word' id='word_1_328' title='bbox 409 2926 458 2944; x_wconf 87' lang='lat' dir='ltr'><strong>cor</strong></span> <span class='ocrx_word' id='word_1_329' title='bbox 477 2926 565 2944; x_wconf 89' lang='lat' dir='ltr'><strong>unum</strong></span> <span class='ocrx_word' id='word_1_330' title='bbox 583 2920 612 2943; x_wconf 85' lang='lat' dir='ltr'><strong>et</strong></span> <span class='ocrx_word' id='word_1_331' title='bbox 631 2918 727 2942; x_wconf 78' lang='lat' dir='ltr'><strong>anima</strong></span> <span class='ocrx_word' id='word_1_332' title='bbox 745 2912 882 2942; x_wconf 80' lang='lat' dir='ltr'><strong>una&#39;cum</strong></span> <span class='ocrx_word' id='word_1_333' title='bbox 909 2919 988 2950; x_wconf 89' lang='lat' dir='ltr'><strong>prin-</strong></span> 
     </span>
     <span class='ocr_line' id='line_1_50' title="bbox 93 2959 987 2995; baseline -0.002 -9"><span class='ocrx_word' id='word_1_334' title='bbox 93 2959 182 2995; x_wconf 71' lang='lat' dir='ltr'><strong>“cipe</strong></span> <span class='ocrx_word' id='word_1_335' title='bbox 200 2961 374 2992; x_wconf 72' lang='lat' dir='ltr'><strong>censebatur,</strong></span> <span class='ocrx_word' id='word_1_336' title='bbox 400 2961 496 2985; x_wconf 78' lang='lat' dir='ltr'><strong>subIto</strong></span> <span class='ocrx_word' id='word_1_337' title='bbox 522 2961 576 2990; x_wconf 79' lang='lat' dir='ltr'><strong>(ur,</strong></span> <span class='ocrx_word' id='word_1_338' title='bbox 603 2960 700 2984; x_wconf 81' lang='lat' dir='ltr'><strong>subito</strong></span> <span class='ocrx_word' id='word_1_339' title='bbox 726 2959 867 2992; x_wconf 79' lang='lat' dir='ltr'><strong>proditor,</strong></span> <span class='ocrx_word' id='word_1_340' title='bbox 890 2960 987 2984; x_wconf 77' lang='lat' dir='ltr'><strong>subito</strong></span> 
     </span>
     <span class='ocr_line' id='line_1_51' title="bbox 5 2999 986 3040; baseline -0.004 -10"><span class='ocrx_word' id='word_1_341' title='bbox 5 3037 8 3040; x_wconf 20' lang='lat'><strong>⁴</strong></span> <span class='ocrx_word' id='word_1_342' title='bbox 94 3003 163 3029; x_wconf 72' lang='lat' dir='ltr'><strong>“sui</strong></span> <span class='ocrx_word' id='word_1_343' title='bbox 182 3004 332 3037; x_wconf 71' lang='lat' dir='ltr'><strong>unguinis</strong></span> <span class='ocrx_word' id='word_1_344' title='bbox 351 3003 446 3031; x_wconf 77' lang='lat' dir='ltr'><strong>dietus</strong></span> <span class='ocrx_word' id='word_1_345' title='bbox 465 3004 504 3028; x_wconf 75' lang='lat' dir='ltr'><strong>sit</strong></span> <span class='ocrx_word' id='word_1_346' title='bbox 529 3003 723 3027; x_wconf 79' lang='lat' dir='ltr'><strong>obtrectator.</strong></span> <span class='ocrx_word' id='word_1_347' title='bbox 738 3020 745 3028; x_wconf 92' lang='lat'><strong>.</strong></span> <span class='ocrx_word' id='word_1_348' title='bbox 756 3021 762 3027; x_wconf 87' lang='lat'><strong>.</strong></span> <span class='ocrx_word' id='word_1_349' title='bbox 774 3019 781 3027; x_wconf 90' lang='lat'><strong>.</strong></span> <span class='ocrx_word' id='word_1_350' title='bbox 793 3021 816 3035; x_wconf 57' lang='grc' dir='ltr'><strong>η.</strong></span> <span class='ocrx_word' id='word_1_351' title='bbox 854 2999 896 3027; x_wconf 64' lang='lat' dir='ltr'><strong>Ne</strong></span> <span class='ocrx_word' id='word_1_352' title='bbox 921 3003 986 3027; x_wconf 87' lang='lat' dir='ltr'><strong>vien</strong></span> 
     </span>
     <span class='ocr_line' id='line_1_52' title="bbox 1 3041 987 3082; baseline -0.003 -11"><span class='ocrx_word' id='word_1_353' title='bbox 1 3041 21 3082; x_wconf 52' lang='grc' dir='ltr'><strong>,ἐξ</strong></span> <span class='ocrx_word' id='word_1_354' title='bbox 33 3051 66 3070; x_wconf 83' lang='grc' dir='ltr'><strong>ιο</strong></span> <span class='ocrx_word' id='word_1_355' title='bbox 93 3053 176 3071; x_wconf 79' lang='lat' dir='ltr'><strong>meno</strong></span> <span class='ocrx_word' id='word_1_356' title='bbox 201 3046 420 3071; x_wconf 75' lang='lat' dir='ltr'><strong>l&#39;insinuazione</strong></span> <span class='ocrx_word' id='word_1_357' title='bbox 445 3045 599 3070; x_wconf 78' lang='lat' dir='ltr'><strong>sarcastica</strong></span> <span class='ocrx_word' id='word_1_358' title='bbox 625 3044 728 3077; x_wconf 81' lang='lat' dir='ltr'><strong>ch’egli</strong></span> <span class='ocrx_word' id='word_1_359' title='bbox 755 3044 854 3077; x_wconf 76' lang='lat' dir='ltr'><strong>vogila</strong></span> <span class='ocrx_word' id='word_1_360' title='bbox 882 3051 987 3077; x_wconf 86' lang='lat' dir='ltr'><strong>appro-</strong></span> 
     </span>
    </p>
   </div>
   <div class='ocr_carea' id='block_1_6' title="bbox 883 234 1162 274">
    <p class='ocr_par' dir='ltr' id='par_1_6' title="bbox 883 234 1162 274">
     <span class='ocr_line' id='line_1_53' title="bbox 883 234 1162 274; baseline -0.004 -1"><span class='ocrx_word' id='word_1_361' title='bbox 883 234 1162 274; x_wconf 88' lang='lat' dir='ltr'>CHRONICA</span> 
     </span>
    </p>
   </div>
   <div class='ocr_carea' id='block_1_7' title="bbox 1008 849 1047 880">
    <p class='ocr_par' dir='ltr' id='par_1_7' title="bbox 1008 849 1047 880">
     <span class='ocr_line' id='line_1_54' title="bbox 1008 849 1047 880; baseline 0 0"><span class='ocrx_word' id='word_1_362' title='bbox 1008 849 1047 880; x_wconf 92' lang='lat'><strong>10</strong></span> 
     </span>
    </p>
   </div>
   <div class='ocr_carea' id='block_1_8' title="bbox 1008 1113 1045 1147">
    <p class='ocr_par' dir='ltr' id='par_1_8' title="bbox 1008 1113 1045 1147">
     <span class='ocr_line' id='line_1_55' title="bbox 1008 1113 1045 1147; baseline -0.027 0"><span class='ocrx_word' id='word_1_363' title='bbox 1008 1113 1045 1147; x_wconf 88' lang='lat'><strong>15</strong></span> 
     </span>
    </p>
   </div>
   <div class='ocr_carea' id='block_1_9' title="bbox 1005 1384 1047 1415">
    <p class='ocr_par' dir='ltr' id='par_1_9' title="bbox 1005 1384 1047 1415">
     <span class='ocr_line' id='line_1_56' title="bbox 1005 1384 1047 1415; baseline 0.024 -1"><span class='ocrx_word' id='word_1_364' title='bbox 1005 1384 1047 1415; x_wconf 90' lang='lat'><strong>20</strong></span> 
     </span>
    </p>
   </div>
   <div class='ocr_carea' id='block_1_10' title="bbox 1004 1650 1045 1682">
    <p class='ocr_par' dir='ltr' id='par_1_10' title="bbox 1004 1650 1045 1682">
     <span class='ocr_line' id='line_1_57' title="bbox 1004 1650 1045 1682; baseline 0 0"><span class='ocrx_word' id='word_1_365' title='bbox 1004 1650 1045 1682; x_wconf 89' lang='lat'><strong>25</strong></span> 
     </span>
    </p>
   </div>
   <div class='ocr_carea' id='block_1_11' title="bbox 1003 1919 1045 1950">
    <p class='ocr_par' dir='ltr' id='par_1_11' title="bbox 1003 1919 1045 1950">
     <span class='ocr_line' id='line_1_58' title="bbox 1003 1919 1045 1950; baseline 0 0"><span class='ocrx_word' id='word_1_366' title='bbox 1003 1919 1045 1950; x_wconf 88' lang='grc'><strong>30</strong></span> 
     </span>
    </p>
   </div>
   <div class='ocr_carea' id='block_1_12' title="bbox 1004 2185 1044 2219">
    <p class='ocr_par' dir='ltr' id='par_1_12' title="bbox 1004 2185 1044 2219">
     <span class='ocr_line' id='line_1_59' title="bbox 1004 2185 1044 2219; baseline -0.05 0"><span class='ocrx_word' id='word_1_367' title='bbox 1004 2185 1044 2219; x_wconf 89' lang='grc'><strong>35</strong></span> 
     </span>
    </p>
   </div>
   <div class='ocr_carea' id='block_1_13' title="bbox 1003 2453 1045 2485">
    <p class='ocr_par' dir='ltr' id='par_1_13' title="bbox 1003 2453 1045 2485">
     <span class='ocr_line' id='line_1_60' title="bbox 1003 2453 1045 2485; baseline 0 0"><span class='ocrx_word' id='word_1_368' title='bbox 1003 2453 1045 2485; x_wconf 83' lang='grc'><strong>40</strong></span> 
     </span>
    </p>
   </div>
   <div class='ocr_carea' id='block_1_14' title="bbox 1043 2745 2001 3034">
    <p class='ocr_par' dir='ltr' id='par_1_14' title="bbox 1043 2745 1836 2780">
     <span class='ocr_line' id='line_1_61' title="bbox 1043 2745 1836 2780; baseline -0.005 -8"><span class='ocrx_word' id='word_1_369' title='bbox 1043 2747 1147 2780; x_wconf 83' lang='lat' dir='ltr'><strong>prlarsi</strong></span> <span class='ocrx_word' id='word_1_370' title='bbox 1168 2746 1212 2772; x_wconf 89' lang='lat' dir='ltr'><strong>dei</strong></span> <span class='ocrx_word' id='word_1_371' title='bbox 1234 2747 1299 2772; x_wconf 88' lang='lat' dir='ltr'><strong>beni</strong></span> <span class='ocrx_word' id='word_1_372' title='bbox 1320 2747 1350 2772; x_wconf 85' lang='lat' dir='ltr'><strong>di</strong></span> <span class='ocrx_word' id='word_1_373' title='bbox 1370 2747 1426 2777; x_wconf 76' lang='lat' dir='ltr'><strong>lu13</strong></span> <span class='ocrx_word' id='word_1_374' title='bbox 1446 2747 1482 2771; x_wconf 81' lang='lat' dir='ltr'><strong>cf.</strong></span> <span class='ocrx_word' id='word_1_375' title='bbox 1502 2745 1693 2776; x_wconf 64' lang='lat' dir='ltr'><strong>Ronmssnno,</strong></span> <span class='ocrx_word' id='word_1_376' title='bbox 1715 2745 1769 2770; x_wconf 85' lang='lat' dir='ltr'><strong>loc.</strong></span> <span class='ocrx_word' id='word_1_377' title='bbox 1787 2745 1836 2769; x_wconf 87' lang='lat' dir='ltr'><strong>cit.</strong></span> 
     </span>
    </p>

    <p class='ocr_par' dir='ltr' id='par_1_15' title="bbox 1043 2788 2001 3034">
     <span class='ocr_line' id='line_1_62' title="bbox 1131 2788 1940 2822; baseline -0.006 -7"><span class='ocrx_word' id='word_1_378' title='bbox 1131 2788 1143 2805; x_wconf 74' lang='lat'><em>²</em></span> <span class='ocrx_word' id='word_1_379' title='bbox 1162 2790 1188 2815; x_wconf 87' lang='lat' dir='ltr'>A</span> <span class='ocrx_word' id='word_1_380' title='bbox 1207 2790 1374 2822; x_wconf 80' lang='lat' dir='ltr'><strong>quest’aitra</strong></span> <span class='ocrx_word' id='word_1_381' title='bbox 1394 2797 1493 2814; x_wconf 79' lang='lat' dir='ltr'><strong>accusa</strong></span> <span class='ocrx_word' id='word_1_382' title='bbox 1514 2789 1534 2813; x_wconf 86' lang='lat' dir='ltr'><strong>il</strong></span> <span class='ocrx_word' id='word_1_383' title='bbox 1555 2795 1628 2821; x_wconf 79' lang='lat' dir='ltr'><strong>papa</strong></span> <span class='ocrx_word' id='word_1_384' title='bbox 1642 2789 1751 2819; x_wconf 81' lang='lat' dir='ltr'><strong>rispose</strong></span> <span class='ocrx_word' id='word_1_385' title='bbox 1765 2795 1818 2812; x_wconf 87' lang='lat' dir='ltr'><strong>con</strong></span> <span class='ocrx_word' id='word_1_386' title='bbox 1833 2794 1871 2811; x_wconf 92' lang='lat' dir='ltr'><strong>un</strong></span> <span class='ocrx_word' id='word_1_387' title='bbox 1885 2793 1940 2810; x_wconf 79' lang='lat' dir='ltr'><strong>sar·</strong></span> 
     </span>
     <span class='ocr_line' id='line_1_63' title="bbox 1043 2828 1941 2864; baseline -0.007 -6"><span class='ocrx_word' id='word_1_388' title='bbox 1043 2840 1152 2858; x_wconf 78' lang='lat' dir='ltr'><strong>casmo:</strong></span> <span class='ocrx_word' id='word_1_389' title='bbox 1174 2832 1435 2858; x_wconf 78' lang='lat' dir='ltr'><strong>“Cathaniensium</strong></span> <span class='ocrx_word' id='word_1_390' title='bbox 1455 2832 1620 2864; x_wconf 86' lang='lat' dir='ltr'><strong>episcopum</strong></span> <span class='ocrx_word' id='word_1_391' title='bbox 1647 2829 1808 2862; x_wconf 78' lang='lat' dir='ltr'><strong>(Gualtlero</strong></span> <span class='ocrx_word' id='word_1_392' title='bbox 1834 2828 1861 2852; x_wconf 88' lang='lat' dir='ltr'><strong>di</strong></span> <span class='ocrx_word' id='word_1_393' title='bbox 1889 2829 1941 2853; x_wconf 81' lang='lat' dir='ltr'><strong>Pa-</strong></span> 
     </span>
     <span class='ocr_line' id='line_1_64' title="bbox 1044 2868 1941 2907; baseline -0.006 -8"><span class='ocrx_word' id='word_1_394' title='bbox 1044 2875 1058 2888; x_wconf 81' lang='lat'><em>“</em></span> <span class='ocrx_word' id='word_1_395' title='bbox 1068 2873 1168 2907; x_wconf 80' lang='lat' dir='ltr'><strong>Icaria)</strong></span> <span class='ocrx_word' id='word_1_396' title='bbox 1183 2882 1241 2899; x_wconf 92' lang='lat' dir='ltr'><strong>non</strong></span> <span class='ocrx_word' id='word_1_397' title='bbox 1255 2874 1390 2899; x_wconf 81' lang='lat' dir='ltr'><strong>duximus</strong></span> <span class='ocrx_word' id='word_1_398' title='bbox 1403 2873 1621 2902; x_wconf 84' lang='lat' dir='ltr'><strong>obmittendum,</strong></span> <span class='ocrx_word' id='word_1_399' title='bbox 1641 2873 1721 2896; x_wconf 85' lang='lat' dir='ltr'><strong>cuius</strong></span> <span class='ocrx_word' id='word_1_400' title='bbox 1736 2868 1941 2904; x_wconf 70' lang='lat' dir='ltr'><strong>prodigalitate</strong></span> 
     </span>
     <span class='ocr_line' id='line_1_65' title="bbox 1044 2912 2001 2950; baseline -0.005 -9"><span class='ocrx_word' id='word_1_401' title='bbox 1044 2917 1162 2941; x_wconf 75' lang='lat' dir='ltr'><strong>“totum</strong></span> <span class='ocrx_word' id='word_1_402' title='bbox 1183 2923 1301 2950; x_wconf 81' lang='lat' dir='ltr'><strong>regnum</strong></span> <span class='ocrx_word' id='word_1_403' title='bbox 1322 2916 1394 2940; x_wconf 72' lang='lat' dir='ltr'><strong>dicis</strong></span> <span class='ocrx_word' id='word_1_404' title='bbox 1414 2922 1473 2939; x_wconf 85' lang='lat' dir='ltr'><strong>esse</strong></span> <span class='ocrx_word' id='word_1_405' title='bbox 1491 2922 1650 2944; x_wconf 84' lang='lat' dir='ltr'><strong>corrosum,</strong></span> <span class='ocrx_word' id='word_1_406' title='bbox 1676 2915 1700 2938; x_wconf 89' lang='lat' dir='ltr'><strong>si</strong></span> <span class='ocrx_word' id='word_1_407' title='bbox 1721 2915 1816 2938; x_wconf 78' lang='lat' dir='ltr'><strong>tamen</strong></span> <span class='ocrx_word' id='word_1_408' title='bbox 1843 2912 1874 2936; x_wconf 88' lang='lat' dir='ltr'><strong>in</strong></span> <span class='ocrx_word' id='word_1_409' title='bbox 1900 2913 1940 2937; x_wconf 89' lang='lat' dir='ltr'><strong>to·</strong></span> <span class='ocrx_word' id='word_1_410' title='bbox 1973 2917 2001 2943; x_wconf 83' lang='grc' dir='ltr'><strong>ις</strong></span> 
     </span>
     <span class='ocr_line' id='line_1_66' title="bbox 1044 2955 1942 2991; baseline -0.006 -7"><span class='ocrx_word' id='word_1_411' title='bbox 1044 2959 1128 2984; x_wconf 72' lang='lat' dir='ltr'><strong>“tum</strong></span> <span class='ocrx_word' id='word_1_412' title='bbox 1155 2959 1295 2991; x_wconf 78' lang='lat' dir='ltr'><strong>processit</strong></span> <span class='ocrx_word' id='word_1_413' title='bbox 1321 2958 1460 2986; x_wconf 76' lang='lat' dir='ltr'><strong>corrosio,</strong></span> <span class='ocrx_word' id='word_1_414' title='bbox 1485 2957 1561 2981; x_wconf 85' lang='lat' dir='ltr'><strong>unde</strong></span> <span class='ocrx_word' id='word_1_415' title='bbox 1587 2958 1631 2981; x_wconf 80' lang='lat' dir='ltr'><strong>tot</strong></span> <span class='ocrx_word' id='word_1_416' title='bbox 1657 2956 1854 2980; x_wconf 75' lang='lat' dir='ltr'><strong>remanserunt</strong></span> <span class='ocrx_word' id='word_1_417' title='bbox 1880 2955 1942 2979; x_wconf 84' lang='lat' dir='ltr'><strong>reli-</strong></span> 
     </span>
     <span class='ocr_line' id='line_1_67' title="bbox 1043 3000 1379 3034; baseline -0.006 -8"><span class='ocrx_word' id='word_1_418' title='bbox 1043 3002 1056 3016; x_wconf 79' lang='lat'><em>“</em></span> <span class='ocrx_word' id='word_1_419' title='bbox 1066 3001 1133 3034; x_wconf 89' lang='lat' dir='ltr'><strong>quie</strong></span> <span class='ocrx_word' id='word_1_420' title='bbox 1152 3001 1330 3026; x_wconf 69' lang='lat' dir='ltr'><strong>corrodenda</strong></span> <span class='ocrx_word' id='word_1_421' title='bbox 1343 3019 1356 3033; x_wconf 57' lang='grc' dir='ltr'><em>η</em></span> <span class='ocrx_word' id='word_1_422' title='bbox 1369 3000 1379 3024; x_wconf 87' lang='lat'>?</span> 
     </span>
    </p>
   </div>
  </div>
 </body>
</html>
