2320 3444
118 223 192 246 Μυκ..
207 227 241 244 ec.
252 223 339 247 1015-16
359 211 428 246 162
798 206 1089 242 RYCCARDI
1117 206 1189 241 DE
1218 205 1438 242 SANCTO
1470 206 1746 243 GERMANO
2022 209 2074 248 [A.
2095 207 2187 248 1229]

115 662 197 680 Suessa
230 660 329 684 Impera-

140 688 187 707 tori
200 693 224 706 se
238 687 320 706 reddit.

114 1354 217 1378 Epzslula
232 1353 263 1373 ad
270 1353 327 1373 ciui-

139 1382 198 1401 tates
222 1380 327 1400 Lambat-

139 1409 218 1427 dorum
225 1408 292 1427 missa
300 1407 327 1427 ab

139 1435 287 1460 Imperatore,

118 2104 217 2151 Teia-{tum
236 2110 259 2123 se
278 2104 328 2124 red-

156 2137 162 2150 ι
178 2147 182 2151 .

114 2538 204 2558 Marsia
211 2544 234 2558 se
244 2538 326 2558 reddit.

440 344 632 385 Imperator
654 342 729 383 ipse
752 346 836 381 aput
860 338 1024 371 Sanctum
1049 338 1219 371 Thomam
1244 338 1287 370 de
1313 337 1427 371 Strata
1450 350 1510 371 sua
1534 345 1647 372 castra
1677 347 1811 381 ponens
1841 339 1901 371 111⁰
1929 338 2050 371 Nonas
2080 339 2186 372 Octo—

349 396 430 434 bris,
454 395 571 428 uillam
596 392 818 426 Pedemontis
847 402 914 434 que
945 391 1074 423 dicitur
1107 390 1231 424 Sancte
1263 391 1384 430 Lucie,
1415 391 1484 424 suis
1515 391 1614 425 dedit
1642 392 1679 424 in
1710 391 1941 434 direptionem
1972 398 2007 425 et
2029 392 2187 435 predam.

351 449 508 482 Castrum
533 445 758 479 pedemontis
780 444 932 476 dominis
955 444 1084 486 Aquini
1108 445 1293 477 concessit.

441 501 541 532 Tunc
565 499 715 531 ecclesia
737 497 860 529 Sancti
882 497 1031 530 Matthei
1053 507 1230 530 seruorum
1255 497 1320 530 Dei
1335 498 1344 515 ¹
1370 509 1390 530 a
1414 498 1618 531 Sarracenis
1641 498 1701 541 qui
1724 503 1823 530 erant
1844 498 1881 530 in
1906 499 2062 531 exercitu
2077 498 2186 541 impe·
2300 532 2305 544 Δ

349 555 435 595 riali,
460 553 558 585 bonis
582 558 634 584 est
655 551 806 594 propriis
829 550 987 592 spoliata,
1011 560 1073 592 pre
1096 551 1216 583 timore
1240 551 1361 593 paucis
1384 558 1442 584 aut
1467 552 1569 584 nullis
1592 551 1849 584 remanentibus
1870 551 1907 584 in
1930 551 2064 584 eadem.
2232 551 2251 584 5
2290 550 2295 562 ‘

439 607 539 638 Tunc
564 605 668 637 etiam
690 604 819 636 uallum
842 604 1041 636 casinensis
1064 605 1264 637 monasterii
1288 611 1339 637 est
1362 606 1524 638 mandato
1541 605 1679 638 Cesaris
1702 605 1783 637 hinc
1807 605 1890 637 inde
1913 605 2054 637 fortiter
2074 604 2186 648 impu-

351 666 502 703 gnatum,
527 659 589 691 sed
611 664 824 702 pugnatores
847 657 964 688 necin
981 657 1098 700 aliquo
1114 659 1353 699 profecerunt.
1400 658 1488 690 Illuc
1505 658 1685 691 uenientes
1708 668 1751 690 ex
1774 664 1872 701 parte
1897 658 2047 690 ciuitatis
2062 657 2187 690 Suesee

347 713 454 745 iudex
478 712 641 744 Taddeus
665 716 701 743 et
724 710 793 749 alii,
818 710 996 743 ciuitatem
1018 710 1127 752 ipsam
1149 711 1270 743 Cesari
1292 711 1530 753 reddiderunt,
1555 712 1599 743 ad
1624 722 1726 754 quam
1749 711 2001 754 recipiendam,
2017 721 2187 744 concesso

348 765 396 798 eis
418 765 601 808 priuilegio
617 764 640 803 ²,
663 764 756 807 quod
779 773 842 805 pro
865 762 1089 796 uniuersitate
1112 764 1294 806 petierant,
1318 764 1483 797 continuo
1509 764 1630 807 dirigit
1652 764 1856 806 Imperator.

435 819 535 850 Tunc
560 817 822 850 Presentianum
844 827 949 849 rocca
973 817 1100 850 Bantre
1132 818 1256 851 Sernia
1286 824 1322 851 et
1351 817 1494 860 Aliphia
1523 819 1570 851 ad
1599 818 1799 850 mandatum
1831 817 1968 851 Cesaris
1998 818 2186 851 redierunt.
2212 817 2253 850 10
2297 818 2301 829 ¹

349 872 514 904 Similiter
538 877 572 904 et
595 877 666 904 tota
688 877 781 903 terra
804 870 1014 908 monasterii,
1038 869 1209 913 Arpinum
1234 881 1372 915 quoque
1405 877 1440 904 et
1470 871 1498 903 F
1501 877 1639 904 ontana.
1685 872 1843 914 Cumque
1874 871 1919 904 ad
1948 870 2187 914 recipiendam

348 925 471 958 Soram
488 925 620 957 dictum
637 924 846 956 Acerrarum
863 923 1023 956 comitem
1041 924 1191 957 mitteret
1206 924 1409 967 Imperator,
1426 923 1679 967 ipsum'Sorani
1697 924 1855 967 recipere
1875 929 2159 966 contempserunt
2167 923 2187 956 '.

437 979 539 1011 Tunc
563 978 702 1021 quidam
726 987 842 1009 comes
866 977 961 1010 Maio
984 978 1028 1009 de
1052 977 1225 1010 Romania
1249 989 1328 1010 cum
1351 978 1529 1011 nonnullis
1545 978 1670 1011 Grecis
1691 977 1858 1011 militibus
1881 978 1924 1010 de
1948 978 2121 1011 Romania
2145 987 2190 1010 ex

349 1038 446 1074 parte
470 1031 673 1065 Commiano
687 1031 698 1048 ³
723 1031 767 1063 ad
790 1030 1039 1073 Imperatorem
1063 1041 1141 1064 eum
1163 1032 1296 1075 magnis
1320 1032 1517 1064 muneribus
1539 1031 1679 1064 nuntius
1701 1031 1807 1064 uenit.

435 1086 537 1118 Tunc
560 1086 594 1117 in
618 1095 722 1118 rocca
745 1084 866 1116 Ianule
890 1083 1030 1127 quidam
1054 1085 1098 1117 de
1115 1084 1280 1117 Calabria
1297 1084 1506 1117 castellanus
1529 1085 1745 1118 constitutus.
1793 1085 1834 1117 In
1856 1084 1986 1117 Sancto
2010 1083 2188 1117 Germano
2213 1083 2251 1117 15
2294 1079 2296 1082 ¹

348 1151 410 1182 per
432 1140 679 1182 Imperatorem
710 1138 817 1170 baiuli
841 1138 1045 1170 ordinantur
1075 1138 1280 1171 Guillelmus
1310 1139 1354 1171 de
1386 1139 1515 1171 Bantra
1546 1144 1583 1171 et
1607 1138 1784 1171 Mattheus
1814 1138 2000 1171 Dionisius.
2043 1138 2085 1171 In
2114 1143 2188 1172 tota

346 1199 440 1226 terra
455 1193 565 1225 sancti
581 1191 764 1224 Benedicti
786 1191 985 1235 Raynerius
1001 1191 1192 1235 Belegrimi
1215 1197 1251 1224 et
1272 1191 1539 1225 Bartholomeus
1553 1192 1596 1224 de
1613 1192 1742 1225 Bantra
1765 1191 1948 1224 camerarii
1971 1190 2186 1224 ordinantur.

346 1247 386 1279 In
409 1255 514 1279 rocca
538 1246 664 1278 Bantre
688 1245 842 1277 Thomas
866 1245 911 1277 de
934 1245 1104 1288 Magistro
1128 1245 1336 1278 castellanus
1358 1246 1510 1287 ponitur.

436 1301 630 1342 Imperator
652 1309 730 1331 suas
753 1298 789 1330 in
805 1298 1051 1331 Lombardiam
1067 1305 1101 1331 et
1117 1299 1281 1332 Tusciam
1299 1306 1333 1332 et
1348 1298 1616 1332 Romanniolam
1634 1298 1752 1331 literas
1767 1298 1886 1342 dirigit
1908 1298 1944 1330 in
1965 1299 2034 1330 hac
2055 1298 2186 1331 forum:
2298 1338 2300 1342 ι

437 1352 669 1395 Fre[dericus]
693 1357 728 1384 et
755 1357 871 1384 cetera
893 1352 1116 1395 potestatibus
1138 1353 1322 1385 consulibus
1353 1358 1387 1384 et
1415 1353 1554 1386 consilio
1584 1352 1760 1384 ciuitatum
1791 1352 2005 1390 Lambardia
2025 1351 2186 1395 fidelibus
2209 1353 2252 1384 20
2300 1386 2303 1387 γ

349 1409 430 1446 suis,
454 1412 486 1439 et
509 1411 632 1439 cetera.
682 1405 728 1438 Ut
751 1406 790 1437 de
812 1410 1001 1438 nostrorum
1014 1405 1193 1450 felicitate
1213 1417 1420 1439 successuum
1442 1411 1538 1438 certa
1560 1417 1617 1438 uos
1640 1417 1726 1437 noua
1749 1406 1919 1447 letificent,
1941 1406 2068 1438 uestris
2088 1406 2186 1438 duxi-

349 1471 421 1492 mus
442 1459 621 1492 desideriis
640 1459 851 1502 presentibus
874 1458 1108 1497 intimandum,
1131 1460 1222 1502 quod
1250 1470 1309 1491 nos
1339 1459 1380 1491 de
1402 1459 1639 1492 ultramarinis
1658 1459 1818 1502 partibus
1837 1461 2005 1502 prospere
2026 1462 2094 1502 pcr
2115 1457 2190 1491 Dei

347 1514 506 1557 gratiam
529 1513 717 1551 redeuntes,
740 1513 782 1544 de
796 1512 943 1544 im‘micis
959 1513 1082 1544 nostris
1097 1513 1158 1556 qui
1168 1512 1332 1556 Regnum
1348 1517 1497 1545 nostrum
1513 1513 1709 1545 inuaserant
1713 1511 1874 1556 feliciter
1890 1511 2186 1556 triumphauimus‚

349 1568 427 1599 dum
449 1566 622 1598 audientes
646 1576 703 1598 nos
725 1569 844 1598 contra
866 1576 920 1597 eos
941 1566 977 1598 in
999 1576 1116 1598 manus
1137 1566 1256 1598 ualida
1279 1571 1312 1599 et
1331 1567 1468 1610 potenti
1489 1570 1658 1605 uenturos,
1682 1576 1747 1598 non
1770 1566 1956 1609 expectatis
1981 1569 2042 1598 aut
2062 1568 2187 1609 exper-

350 1621 395 1652 tis
417 1620 547 1652 uiribus
570 1621 701 1658 nostris,
725 1620 761 1651 in
788 1619 977 1663 Campanie
996 1620 1117 1661 finibus
1133 1624 1233 1664 juge
1255 1620 1323 1652 szbi
1340 1620 1531 1663 presidium
1556 1620 1747 1662 elegerunt.
1792 1618 1915 1662 Sicque
1943 1618 2091 1652 Domino
2112 1629 2186 1651 coo-
2209 1618 2250 1651 25

348 1678 504 1717 perante,
526 1679 560 1706 et
581 1685 639 1706 nos
654 1674 836 1706 comitante
851 1675 982 1706 iustitia
1005 1685 1069 1717 que
1091 1675 1133 1706 de
1147 1675 1216 1707 celo
1231 1675 1426 1718 prospexit,
1443 1674 1534 1717 quod
1546 1674 1620 1717 ipsi
1632 1674 1674 1705 de
1689 1673 1819 1716 Regno
1834 1677 1947 1706 nostro
1963 1672 2055 1705 nobis
2069 1672 2187 1705 absen—

350 1729 447 1767 tibus,
470 1731 538 1772 per
560 1728 645 1760 anni
664 1727 841 1760 dimidium
865 1730 1124 1771 occupaverant,
1141 1739 1200 1760 nos
1221 1728 1319 1761 breui
1332 1728 1460 1760 dieram
1476 1728 1588 1771 spatio
1603 1727 1884 1771 recuperauimus
1899 1732 1935 1760 et
1951 1727 2188 1760 revocauanus

348 1783 396 1815 ad
415 1783 603 1814 demanium
627 1786 660 1814 et
681 1783 860 1815 dominium
883 1786 1044 1815 nostrum.
1095 1782 1250 1815 Ualentes
1263 1783 1381 1825 igitur
1396 1782 1540 1825 imperii
1561 1787 1595 1814 et
1609 1783 1721 1824 regni
1732 1782 1844 1814 nostri
1856 1784 1999 1825 quietem
2015 1786 2050 1814 et
2071 1785 2188 1825 pacem

347 1847 420 1869 cum
444 1837 582 1868 consilio
603 1841 716 1869 uestro
739 1837 932 1880 disponere,
955 1848 995 1869 ac
1016 1837 1052 1868 in
1080 1836 1277 1868 Teutoniam
1300 1848 1317 1869 e
1340 1836 1492 1879 uestigio
1510 1839 1719 1879 properare,
1732 1836 1936 1879 fidelitatem
1951 1839 2098 1868 uestram
2119 1845 2188 1867 mo-

348 1901 462 1923 nemus
493 1895 526 1922 et
555 1890 731 1923 hortamur
752 1890 927 1930 attentius,
955 1891 1105 1932 firmiter
1134 1901 1173 1923 ac
1204 1890 1358 1923 districte
1378 1890 1603 1933 precipiendo
1633 1889 1840 1929 mandantes,
1863 1894 2025 1933 quatenus
2045 1889 2113 1921 hiis
2134 1899 2190 1921 re-
2211 1888 2254 1921 30

348 1945 458 1987 ceptis
480 1945 606 1976 litteris
625 1946 662 1976 in
684 1945 778 1987 equis
802 1948 836 1976 et
857 1944 964 1976 armis
986 1944 1143 1976 decenter
1165 1944 1295 1976 armati
1321 1948 1471 1976 uestram
1495 1943 1543 1975 ad
1563 1954 1620 1975 nos
1635 1943 1813 1987 festinetis
1835 1953 2010 1981 accessum,
2033 1943 2189 1986 quoniam
2298 1939 2299 1942 '

349 2009 406 2029 nos
429 1998 602 2035 universis,
628 2002 662 2030 et
683 1998 832 2041 singulis
847 2001 914 2041 pro
928 1998 984 2030 sui
996 1998 1159 2040 qualitate
1174 1997 1312 2030 seruitii
1324 1997 1515 2030 curabimus
1531 1998 1747 2040 respondere.
1774 1996 1904 2029 Datum
1919 1997 2017 2040 apud
2028 1995 2188 2030 Sanctum

350 2051 558 2083 Germanum
581 2051 623 2083 iii
646 2052 767 2084 Aonas
793 2050 948 2084 Octobris
970 2051 1021 2083 iii.
1046 2051 1256 2083 Indictionis.

437 2103 569 2137 Ciuitas
591 2105 705 2137 Teani
728 2105 932 2147 Imperatori
955 2115 991 2137 se
1014 2104 1183 2143 reddidit,
1199 2105 1280 2137 data
1297 2104 1435 2147 optione
1458 2104 1626 2147 episcopo
1650 2105 1854 2137 remanendi
1870 2104 1905 2136 in
1920 2103 2045 2148 Regno
2067 2108 2103 2136 et
2117 2101 2188 2146 epi-

349 2165 493 2200 scopatu
516 2169 588 2197 suo,
612 2159 669 2190 uel
693 2158 844 2190 exeundi
869 2158 896 2190 si
919 2158 1034 2190 uellet.
2211 2155 2253 2189 35

439 2212 638 2243 Demanium
663 2211 756 2244 curie
780 2211 961 2244 Casinensi
983 2222 1047 2254 per
1071 2212 1185 2244 dictos
1208 2211 1413 2244 camerarios
1437 2217 1543 2244 totum
1568 2211 1763 2254 applicatur
1786 2212 1869 2244 fisco
1891 2210 2071 2253 imperiali.

438 2265 495 2298 Ad
518 2275 657 2298 roccam
680 2265 799 2298 Ianule
823 2265 942 2297 uinum
966 2271 1001 2298 et
1025 2265 1190 2298 victualia
1214 2265 1430 2298 deferuntur.

438 2318 592 2356 Quidam
615 2319 688 2352 Leo
710 2319 874 2351 Crinutus
898 2319 1056 2351 Gaietam
1079 2319 1212 2351 uadens
1236 2328 1279 2350 ex
1302 2324 1400 2361 parte
1424 2318 1645 2361 Imperatoris
1670 2326 1708 2352 ut
1731 2330 1767 2351 se
1792 2318 1956 2351 redderet
1971 2316 2188 2361 Imperatori,

349 2372 393 2404 ab
416 2372 501 2414 ipsis
524 2372 704 2404 Gaietanis
726 2372 933 2404 interfectus
958 2378 1019 2404 est.

437 2426 628 2468 Imperator
651 2430 782 2457 mutato
806 2425 994 2458 castellano
1019 2426 1052 2457 in
1076 2436 1182 2458 rocca
1198 2425 1315 2458 Ianule
1340 2435 1415 2458 eam
1441 2425 1617 2458 Pandulfo
1642 2432 1676 2458 et
1691 2425 1850 2458 Roberto
1875 2425 2024 2458 dominis
2046 2424 2188 2469 Aquini,
2212 2425 2255 2456 40
2307 2423 2312 2444 '-

350 2490 415 2511 nec
439 2489 509 2511 non
533 2479 713 2512 castellum
737 2478 956 2511 Pontiscurvi
980 2485 1013 2511 et
1036 2478 1215 2511 castellum
1232 2477 1373 2511 Nouum
1397 2479 1591 2511 committit.
1641 2480 1725 2511 Item
1750 2479 1920 2512 ducentos
1935 2478 2061 2511 milites
2083 2477 2190 2511 mittit

350 2533 386 2564 in
411 2533 586 2572 Marsiam,
609 2543 676 2575 que
700 2538 774 2565 tota
796 2532 901 2564 rediit
924 2532 968 2564 ad
992 2532 1192 2565 fidelitatem
1215 2542 1322 2571 suam,
1347 2538 1496 2575 excepta
1519 2538 1613 2564 turre
1638 2533 1682 2565 de
1707 2533 1734 2565 F
1737 2543 1811 2565 oce.

440 2693 480 2711 12.
502 2688 556 2710 Nel
574 2687 700 2718 marg-ine
719 2687 851 2716 inferiore
871 2687 900 2711 di
917 2695 993 2711 mano
1012 2687 1085 2711 della
1096 2687 1156 2719 fine
1174 2687 1221 2711 del
1237 2695 1286 2711 sec.
1308 2687 1402 2711 XIII:
1422 2687 1574 2712 nobilitati
1593 2689 1654 2716 tue3
1674 2687 1802 2711 osculum
1821 2686 1970 2710 nobilitati
1996 2688 2044 2710 tue
2068 2692 2188 2718 persone

352 2730 415 2754 Cod.
435 2742 467 2746 —
491 2734 529 2759 17.
549 2728 701 2762 Pelegrirni
720 2729 809 2759 UGH.;
830 2729 975 2761 Pelegrini
994 2729 1056 2753 Dm.
1075 2730 1118 2754 Ra
1137 2743 1169 2747 —
1192 2736 1231 2761 19.
1251 2729 1441 2754 Romanolam
1464 2730 1528 2754 Cod.
1549 2743 1581 2747 —
1601 2728 1643 2754 26.
1663 2729 1713 2760 qui
1732 2737 1780 2753 non
1801 2736 1854 2760 que
1866 2728 1941 2753 ΗΘΒ,
1957 2741 1988 2746 ——
2003 2735 2046 2760 4²⁴
2059 2735 2112 2760 que
2124 2729 2188 2753 tota

351 2771 438 2795 rediit
458 2771 491 2795 ad
512 2772 674 2796 libertatem
694 2780 772 2796 suam
791 2772 920 2805 ripetuta,
942 2780 983 2796 ma
1003 2775 1111 2802 espunto
1131 2773 1207 2796 dalla
1226 2775 1310 2796 stessa
1330 2780 1414 2803 mano,
1438 2773 1501 2796 Cod.

440 2875 449 2892 ¹
470 2876 577 2905 Questa
597 2878 700 2903 Chlesa
719 2879 749 2903 di
768 2878 794 2902 S.
814 2878 921 2903 Matteo
943 2879 973 2903 fu
997 2878 1073 2903 detta
1101 2878 1114 2892 α
1127 2879 1162 2903 de
1189 2878 1241 2904 Ca·
1385 2876 1396 2893 ³
1416 2879 1480 2903 Non
1500 2877 1515 2903 ὲ
1541 2879 1703 2903 altrimenti
1727 2878 1934 2903 identificabue
1956 2879 2056 2910 questo
2074 2877 2192 2902 Maione

355 2919 463 2943 “stello
477 2938 489 2950 „
510 2927 527 2944 ο
548 2919 619 2944 “del
639 2922 713 2945 servi
734 2921 762 2945 di
783 2921 883 2953 Dio„;
903 2922 938 2945 cf.
960 2922 1080 2953 Regesto
1106 2922 1136 2945 di
1160 2921 1241 2946 ΤοΜ-
1297 2923 1379 2945 conte
1405 2921 1435 2945 di
1462 2922 1610 2950 Romania,
1633 2921 1840 2946 ambasciatore
1865 2921 1909 2945 del
1935 2919 2093 2951 Comneno,
2117 2920 2190 2944 Teo-

353 2966 430 2985 MAso
450 2962 568 2991 Decano,
588 2963 647 2992 cit„
670 2971 716 2995 pp.
737 2970 778 2995 42,
800 2964 841 2995 46,
862 2963 905 2992 61,
925 2961 959 2986 80
977 2965 1030 2987 etc.
1297 2964 1377 2993 doro,
1404 2964 1438 2989 fr.
1464 2963 1491 2987 di
1522 2963 1642 2988 Mlehele
1666 2963 1679 2987 1
1704 2963 1816 2995 Angelo
1843 2962 1993 2988 Comneno
2018 2963 2136 2995 despota
2161 2962 2190 2986 dl
2221 2968 2253 2986 ιο

438 3001 449 3018 ²
468 3003 632 3036 ignoriamo
652 3005 672 3029 il
694 3007 791 3029 tenore
810 3005 838 3029 di
859 3007 958 3037 questo
977 3005 1143 3038 privileg10.
1296 3005 1393 3038 Epiro.
