2320 3444
30 212 36 230 ⁸
64 223 75 260 ,³
98 220 182 259 [ΛΑ.
203 222 399 258 1227-12281

60 287 74 298 κ.
100 291 640 298 ...μ-...η-η---ι...η-β.....,-......-.«---....κη-,1.
644 294 818 298 -....,-......,.....
822 294 1496 299 .,...-.......,,......,,.-..-.-,.-.-.---.-.-.-.-.,-----..-.-..--,..-.,.
1497 295 1927 299 .............................................
1929 295 1940 299 -.

69 708 71 711 ’
96 727 133 755 et
153 721 191 754 in
213 727 360 765 quatuor
382 721 598 764 temporibus
621 722 746 754 natalis
770 722 910 754 Domini
927 722 971 755 ab
989 732 1031 755 eo
1047 723 1234 755 sacerdotii
1250 734 1373 755 munus
1390 723 1539 766 accepit.

59 782 63 821 ᾖ
95 774 286 819 Gregorius
308 774 353 807 de
376 774 608 808 Carboncello
631 774 828 807 Casinensis
851 776 1043 808 monachus
1066 776 1101 807 in
1123 775 1284 808 abbatem
1308 776 1560 810 Terremaioris
1576 784 1753 819 promotus
1775 784 1837 817 est,
1861 789 1940 810 cum

56 847 64 872 ‚¹
96 827 221 872 quibus
243 827 312 860 duo
336 838 380 860 ex
402 832 498 870 parte
522 837 612 870 pape
642 827 754 860 nuntii
776 828 920 859 ueniunt
950 828 996 860 ad
1020 827 1183 860 Cesarem
1207 829 1414 866 cardinales,
1437 830 1602 872 magister
1624 830 1760 862 scilicet
1789 831 1942 864 Thomas

879 217 951 253 CH
955 217 1067 253 RON
1070 217 1157 254 ICA
1864 219 1934 254 149

62 334 85 378 ¹
97 347 307 392 generalem,
329 353 483 382 statuens
512 355 550 382 ut
578 349 704 393 singuli
728 350 914 382 feudatarii
945 349 1070 383 darent
1100 350 1145 382 de
1168 360 1377 394 unoquoque
1406 350 1514 384 feudo
1545 357 1625 384 octo
1647 350 1769 383 uncias
1791 351 1876 392 auri,
1906 356 1940 383 et

97 399 142 435 de
164 400 308 444 singulis
331 408 411 434 octo
435 401 548 435 feudis
570 402 715 436 militem
738 414 844 435 unum
866 403 903 435 in
925 403 1082 445 proximo
1098 403 1216 436 futuro
1232 414 1352 436 mense
1368 403 1465 442 Maii,
1481 404 1518 436 in
1534 414 1603 447 quo
1619 405 1665 436 ad
1687 404 1798 436 Terre
1821 410 1941 438 sancte

96 453 286 488 subsidium
316 455 543 488 transfretare
574 455 739 499 disponit.

70 529 72 532 -
96 506 216 541 Martii
239 507 498 542 celebrandam.
543 509 646 542 Tunc
669 510 875 552 prudentem
899 509 1012 542 uirum
1035 510 1236 553 magistrum
1260 510 1461 543 Roffridum
1485 511 1528 543 de
1545 510 1748 544 Beneuento
1765 511 1871 543 mittit
1894 510 1939 543 ad
1959 547 1962 550 ,

65 582 67 584 -
97 558 229 596 Urbem
252 571 330 594 cum
353 562 579 595 excusatoriis
601 562 680 604 suis,
704 573 789 606 quas
810 561 904 595 idem
927 562 1095 606 magister
1117 562 1258 606 publice
1282 563 1352 607 legi
1374 563 1460 596 fecit
1482 564 1518 595 in
1542 564 1729 607 Capitolio,
1753 564 1798 597 de
1821 564 1942 597 uolun-

68 642 71 646 .
97 618 168 648 tate
191 620 342 653 senatus,
364 615 555 659 populique
578 615 729 649 Romani
745 617 766 648 ¹.

786 456 1008 498 Solempnem
1038 466 1123 489 uero
1154 456 1284 489 curiam
1315 458 1409 499 apud
1440 457 1644 490 Rauennam
1675 458 1794 490 statuit
1823 468 1941 490 mense

183 666 306 700 Mense
330 668 534 702 Decembris
556 669 752 701 Landulfus
775 667 992 701 Senebaldus
1007 668 1043 701 in
1059 669 1220 702 abbatem
1237 670 1462 703 Casinensem
1480 670 1611 703 electus
1628 671 1672 704 ad
1688 682 1814 714 papam
1830 671 1939 710 uadit,

1586 724 1631 757 Et
1647 735 1726 757 cum
1743 736 1785 757 eo
1801 725 1940 768 quidam

93 880 183 914 tituli
205 886 326 914 sancte
348 880 474 914 Sabine
497 880 689 924 presbyter,
713 886 748 913 et
770 881 934 924 magister
957 881 1061 913 Oddo
1077 881 1188 913 sancti
1206 881 1356 925 Nycolai
1373 882 1408 914 in
1425 892 1568 915 carcere
1585 882 1748 916 Tulliano
1765 885 1942 928 dyaconus

95 934 283 968 cardinalis
295 933 318 967 ².
363 934 409 966 Et
432 939 516 967 tunc
540 944 617 965 cum
641 933 691 965 eis
714 933 892 966 celebrato
914 934 1021 967 natali
1045 934 1139 976 apud
1171 934 1337 967 Sanctum
1370 935 1591 974 Germanum,
1621 937 1667 968 ad
1694 936 1940 979 Imperatorem

59 990 62 1001 ²
95 986 191 1020 uadit
213 987 320 1020 abbas
343 985 542 1020 Casinensis
571 986 761 1029 predictus,
789 987 883 1029 ipsos
914 993 1060 1029 preunte
1091 987 1189 1020 dicto
1220 987 1346 1020 abbate
1377 988 1646 1028 Terremaioris;
1677 990 1735 1032 qui
1766 1001 1787 1022 a
1810 991 1939 1024 Cesare

62 1035 66 1042 ²
94 1039 298 1084 prohibitus,
322 1040 368 1073 ad
390 1050 487 1072 suam
510 1046 594 1072 tunc
618 1039 804 1073 ecclesiam
828 1049 900 1072 non
923 1040 1082 1074 accessit.

182 1145 513 1181 M⁰CC⁰XXV111⁰.'
560 1146 680 1179 Mense
705 1146 858 1179 Ianuarii
880 1146 1016 1180 denarii
1039 1148 1121 1180 noui
1151 1146 1366 1181 Brundusini
1396 1159 1460 1191 per
1484 1148 1654 1182 Ursonem
1679 1151 1871 1183 castaldum
1903 1152 1940 1183 in

95 1199 228 1234 Sancto
252 1200 428 1233 Germano
452 1199 526 1232 dati
549 1205 638 1237 sunt,
662 1210 807 1243 quorum
833 1211 964 1232 summa
994 1200 1064 1233 fuit
1094 1211 1199 1233 c.L.x.
1231 1202 1335 1233 uncie
1367 1212 1454 1244 quos
1477 1201 1643 1245 magister
1673 1203 1878 1236 Fredericus
1909 1212 1943 1237 et

53 1267 58 1287 t
94 1252 306 1287 Fredericus
328 1253 471 1287 Landus
493 1253 538 1286 de
562 1253 824 1286 Malacucclara
835 1253 857 1295 ³,
880 1260 1126 1297 procuratores
1149 1254 1192 1287 ab
1217 1254 1343 1287 abbate
1367 1255 1492 1294 relicti,
1515 1255 1674 1288 distribui
1690 1257 1943 1299 particulariter

45 1307 59 1346 J
94 1317 157 1351 per
181 1312 308 1340 terram
331 1306 529 1340 monasterii
552 1313 796 1350 preceperunt.

184 1360 320 1393 Eodem
343 1369 461 1393 mense
484 1360 691 1393 clericorum
715 1360 848 1393 focarie
873 1361 934 1394 filii
958 1367 992 1394 et
1024 1361 1106 1401 filie,
1135 1362 1229 1394 iussu
1252 1363 1485 1406 imperatoris,
1516 1362 1700 1406 capiuntur
1728 1363 1857 1407 ubique
1882 1374 1944 1407 per

48 1395 54 1444 ἠ
96 1414 260 1458 Regnum
274 1413 298 1447 ⁴.

185 1467 289 1500 Dicto
312 1466 498 1501 Casinensi
519 1466 637 1500 abbati
667 1466 712 1500 ab
743 1468 956 1510 Imperatore
986 1468 1021 1500 in
1051 1469 1224 1501 mandatis
1254 1469 1366 1508 datur,
1397 1475 1435 1502 ut
1467 1475 1605 1502 centum
1637 1469 1828 1502 seruientes
1854 1470 1943 1503 bene

49 1510 52 1541 ῗ
93 1527 235 1564 paratos
256 1520 422 1560 inueniat,
446 1530 526 1553 cum
549 1520 710 1563 expensis
733 1526 768 1554 et
790 1521 896 1554 armis
918 1532 981 1564 per
1004 1532 1131 1554 annum
1155 1523 1361 1555 necessariis
1385 1522 1430 1555 ad
1460 1523 1637 1555 seruitium
1669 1523 1782 1556 Terre
1812 1530 1943 1557 sancte.

183 1574 305 1608 Dictus
326 1574 494 1618 magister
515 1574 725 1607 Fredericus
748 1580 782 1607 et
805 1575 1016 1607 Fredericus
1038 1575 1213 1608 Berardus
1235 1577 1278 1607 de
1302 1576 1435 1609 Celano
1458 1577 1576 1609 uocati
1599 1578 1644 1609 ad
1660 1587 1786 1619 papam
1802 1579 1944 1617 uadunt,

47 1619 54 1663 J
96 1637 243 1672 quorum
267 1628 365 1666 alter,
389 1627 525 1660 scilicet
547 1627 755 1660 Fredericus
777 1627 965 1667 Berardus‚
989 1629 1269 1671 procurationem
1292 1629 1418 1672 recipit
1441 1630 1551 1663 sancti
1576 1630 1739 1674 Gregorii
1761 1631 1796 1662 in
1828 1631 1940 1670 Urbe3

50 1710 52 1712 .
95 1681 195 1714 alteri
218 1690 304 1713 uero
328 1680 504 1714 Farfensis
527 1681 676 1713 ecclesie
699 1681 841 1714 rennuit
863 1681 1048 1715 abbatiam.

182 1734 481 1777 Archiepiscopus
503 1734 770 1768 panormitanus
780 1733 793 1752 ⁸
807 1736 947 1768 nuntius
962 1746 982 1768 a
999 1735 1155 1769 Soldano
1171 1737 1217 1769 ad
1233 1736 1395 1770 Cesarem
1413 1736 1565 1776 rediens,
1583 1738 1806 1780 elephantem
1822 1749 1939 1778 unum,

40 1812 51 1829 .-:
95 1788 208 1822 mulos
231 1795 266 1821 et
289 1788 442 1832 pretiosa
466 1788 615 1831 quedam
639 1788 707 1820 alia
729 1799 872 1822 munera
895 1789 961 1832 ipsi
985 1789 1190 1832 Imperatori
1215 1790 1342 1823 detulit
1365 1801 1408 1823 ex
1429 1797 1527 1834 parte
1550 1791 1705 1824 Soldani.

186 1937 211 1962 3.
229 1930 374 1962 disposuit
394 1929 470 1955 Uon-
490 1943 523 1948 —
545 1936 584 1955 10.
604 1929 754 1956 Cesaream
773 1931 849 1956 Uen.
870 1945 901 1949 —
925 1937 964 1964 17.
985 1931 1191 1956 Malacucclare
1210 1932 1307 1956 PsRTz
1326 1941 1339 1957 ι
1359 1932 1455 1958 ΘΑυι).
1476 1946 1507 1950 -
1528 1939 1569 1957 21.
1590 1933 1686 1958 abbati
1701 1931 1851 1958 Casinensi
1866 1934 1942 1958 Uen.

41 1963 49 1970 ²
99 1985 133 1991 —
153 1977 196 2004 25.
215 1972 311 1997 renuit
329 1971 406 1998 Uen.

0 3374 17 3444 ἱ

37 2063 42 2097 ζ
94 2075 146 2100 che
163 2074 194 2100 lo
213 2074 352 2107 :pingent
370 2081 388 2099 a
406 2082 466 2100 non
485 2074 615 2101 lescisrsi
636 2075 693 2101 alie
711 2075 802 2109 spslle
820 2076 941 2110 l’aperta
955 2078 992 2101 ri-

93 2116 220 2142 bellione
239 2117 390 2150 seopplsta
410 2118 455 2142 nei
475 2117 581 2142 confini
602 2117 647 2143 dei
667 2125 757 2151 regno
774 2119 809 2143 ad
835 2126 921 2151 opera
947 2119 991 2144 dei

41 2184 44 2187 ,
94 2159 221 2189 Reatini,
240 2167 321 2184 come
339 2159 376 2184 ha
394 2159 447 2184 ben
468 2160 640 2186 dimostrato
659 2159 693 2185 G.
713 2160 869 2190 Psomcci,
883 2161 922 2186 La
931 2162 991 2193 pri-

94 2210 139 2228 um
156 2204 225 2228 latta
244 2202 275 2227 di
297 2202 427 2227 Federico
451 2203 488 2226 II
501 2202 532 2227 di
550 2203 654 2228 Svem'a
673 2204 715 2228 col
731 2203 849 2236 Papato,
869 2210 992 2235 1227-30,

94 2245 176 2270 Atti
197 2244 295 2269 della
314 2244 355 2269 R.
373 2244 591 2270 Accademia
609 2245 645 2270 di
664 2246 840 2278 Pslermo,
861 2247 921 2273 vol.
940 2246 992 2271 VlI

28 2290 39 2314 1
93 2287 174 2312 della
189 2285 221 2318 3⁸
239 2286 325 2318 Serie,
340 2286 480 2318 Palermo,
497 2293 574 2319 ¹903.
587 2294 634 2321 pp.
649 2295 682 2319 19
695 2296 710 2313 a
725 2295 773 2313 21:
787 2288 800 2302 ‘¹
811 2288 928 2314 Reatini
943 2290 992 2321 qui

34 2336 35 2339 ¹
66 2347 68 2349 »
95 2329 109 2344 ”
119 2331 186 2355 sunt
203 2329 301 2354 fideles
320 2329 448 2359 ecclesie,
465 2336 536 2361 quos
549 2329 583 2354 de
597 2331 696 2355 nostra
711 2331 767 2355 fuit
780 2331 993 2364 magnificentia

95 2370 370 2401 “eonsecuta‚tam
394 2372 472 2397 cito
495 2379 597 2404 quam
622 2373 674 2398 eis
699 2373 871 2399 innotuit
897 2375 991 2407 apud

95 2414 370 2440 'Brundusium
391 2421 454 2439 nos
473 2415 638 2440 intrasse
655 2416 792 2448 galeas,
811 2416 992 2450 instigan-

96 2454 225 2482 “tibus
253 2455 356 2487 iilis,
385 2457 503 2488 quisi
531 2457 806 2483 beneficiorum
834 2459 991 2492 imperio

98 2499 428 2524 “reminiscentur
454 2499 707 2532 prohibuisse
725 2500 938 2526 debuerant
956 2503 991 2526 et

95 2541 202 2567 ‘sine
221 2549 377 2574 quorum
404 2543 665 2575 permissione
691 2543 918 2568 nuliatenus
943 2545 991 2568 at-

96 2583 466 2616 “temptantes....„.

183 2624 194 2642 ¹
211 2625 346 2651 Roffredo
365 2626 395 2651 di
409 2627 584 2656 Benevento,
597 2626 648 2651 che
661 2633 753 2652 avevs
765 2630 991 2661 accompagnato

94 2667 241 2700 federico,
265 2675 318 2694 suo
343 2671 470 2702 signore,
497 2669 778 2695 all'incoronszione
802 2677 819 2694 ι
843 2669 934 2696 Roma
958 2671 992 2696 ed

94 2718 142 2735 ers
159 2712 237 2736 stato
255 2713 391 2745 preposto
417 2719 434 2736 a
458 2712 583 2745 dirigere
608 2711 635 2736 la
662 2720 756 2737 nuova
775 2712 943 2738 Universiti
963 2714 991 2738 di

93 2753 212 2785 Nspoli,
237 2760 295 2778 non
320 2753 389 2779 ebbe
416 2754 517 2783 allora,
540 2756 563 2779 si
590 2755 652 2779 noti
680 2754 760 2783 bene,
788 2754 937 2780 l‘incnrico
962 2756 990 2781 di

58 2808 64 2817 ι
94 2794 206 2828 leggere
225 2802 240 2820 e
258 2795 407 2828 divulgare
434 2797 465 2821 ln
490 2796 583 2821 Roma
602 2795 649 2821 dal
676 2796 848 2829 Capitolino
875 2797 903 2822 la
928 2805 991 2830 pro-

94 2838 168 2862 tests
192 2837 446 2871 dell’imperatore,
470 2839 552 2871 quasi
576 2847 591 2863 a
616 2846 814 2864 sommuovere
833 2840 909 2865 colle
928 2847 992 2872 que-

94 2879 186 2904 stIoni
206 2879 347 2911 politiche
365 2887 380 2904 e
398 2880 561 2912 giuridiche
580 2879 608 2905 la
623 2880 756 2914 pubblics
770 2882 910 2913 opimone
923 2889 991 2907 con-

95 2922 141 2946 tro
159 2921 334 2947 l’srbitrsris
355 2922 520 2948 scomunics
540 2923 586 2948 dei
607 2930 690 2956 papa.
726 2922 768 2948 La
787 2923 864 2948 {sins
882 2930 898 2949 e
911 2924 932 2949 11
947 2931 993 2949 va-

95 2963 156 2989 lore
174 2964 319 2996 giuridico
345 2965 373 2989 di
399 2964 534 2990 Roffredo
560 2966 608 2991 fan
634 2973 754 2998 pensare
778 2966 881 3000 ch'egll
908 2974 993 3000 possa

26 3019 30 3026 «
52 3009 68 3038 5
95 3011 187 3031 essere
205 3007 290 3038 sisto,
311 3012 340 3031 se
359 3013 417 3031 non
437 3006 466 3031 la
485 3008 588 3038 mente,
609 3007 629 3032 il
655 3007 828 3042 consIgliere
847 3008 991 3035 deil’enci·

1046 2077 1120 2102 elica
1136 2077 1285 2110 imperiale
1305 2077 1348 2102 del
1368 2076 1385 2101 6
1403 2077 1463 2106 XII,
1487 2083 1567 2109 12273
1588 2077 1625 2103 cf.
1645 2086 1672 2102 n.
1691 2079 1864 2110 precedente.

1136 2117 1147 2134 ¹
1167 2111 1188 2145 1¹⁴:
1209 2120 1359 2152 probabile
1378 2120 1428 2144 che
1442 2120 1536 2152 questi
1549 2121 1602 2144 due
1616 2120 1776 2150 Cardinali,
1790 2120 1943 2145 Tommaso

1045 2161 1079 2185 ed
1099 2160 1230 2191 oddone,
1250 2163 1335 2187 siano
1354 2162 1422 2187 stati
1443 2162 1587 2186 entrambi
1606 2162 1693 2186 latori
1710 2163 1740 2187 in
1753 2162 1780 2187 S.
1800 2162 1943 2187 Germano

1046 2204 1248 2236 dell’Epistola
1267 2204 1298 2228 di
1318 2203 1460 2237 Gregorio
1480 2204 1519 2229 IX
1532 2204 1608 2229 della
1620 2205 1674 2229 fine
1687 2204 1732 2229 del
1750 2210 1815 2237 1²²7
1830 2213 1845 2229 a
1859 2205 1943 2229 Fede-

1047 2247 1115 2275 rico,
1135 2246 1156 2270 il
1176 2247 1259 2278 quale
1278 2247 1354 2271 forse
1373 2254 1492 2280 sper-ava
1512 2247 1542 2271 di
1562 2248 1661 2271 venire
1680 2248 1713 2271 ad
1734 2255 1790 2271 una
1810 2248 1946 2272 concilis-

1046 2289 1139 2314 zione.
1175 2289 1189 2314 1
1209 2289 1289 2314 nomi
1308 2290 1352 2314 dei
1375 2290 1428 2314 due
1449 2290 1593 2314 cardinali
1619 2291 1642 2314 si
1669 2291 1795 2314 trovano
1821 2290 1943 2314 indicati

1047 2331 1191 2356 nell’sltra
1204 2331 1329 2364 epistola
1342 2331 1419 2356 dello
1433 2333 1524 2356 stesso
1538 2338 1619 2364 papa.
1634 2332 1710 2356 della
1723 2331 1777 2356 fine
1790 2331 1835 2356 del
1849 2339 1944 2356 marzo

1050 2372 1132 2406 1228;
1152 2373 1187 2398 cs.
1207 2373 1404 2404 Ronmanis,
1422 2373 1444 2403 1.
1465 2381 1513 2398 nn.
1532 2379 1640 2406 370-71‚
1661 2381 1708 2406 pp.
1729 2373 1833 2406 284-89.

1134 2413 1146 2431 ³
1171 2414 1336 2448 “Magister
1362 2416 1553 2446 Fredericus,
1580 2416 1609 2440 fu
1642 2423 1762 2440 monaco
1789 2417 1817 2440 di
1844 2416 1943 2440 Monte

1046 2457 1179 2487 Cassino.
1205 2465 1251 2482 an.
1275 2457 1355 2486 1226;
1376 2458 1465 2482 anche
1489 2458 1603 2482 “frater
1623 2458 1739 2482 Landus
1765 2458 1798 2482 de
1823 2457 1941 2482 Maia-

1046 2500 1059 2514 ¹‘
1073 2501 1270 2526 cluccaria
1290 2501 1430 2525 diaconus
1443 2502 1471 2525 et
1485 2501 1643 2525 monachus
1655 2520 1668 2533 η
1684 2500 1712 2525 di
1728 2501 1943 2525 Montecassino

1045 2541 1060 2568 ὲ
1079 2543 1227 2568 ricordato
1247 2543 1278 2568 in
1298 2543 1472 2568 documento
1494 2543 1538 2568 dei
1559 2551 1655 2568 marzo
1674 2550 1754 2575 ¹²14=
1770 2544 1807 2567 cf.
1825 2544 1944 2574 Regem

1046 2587 1076 2611 di
1093 2587 1248 2611 'rommso
1269 2587 1379 2611 Decano
1398 2587 1455 2615 cit,¹
1475 2594 1522 2620 pp.
1542 2592 1577 2618 40
1589 2593 1604 2611 e
1619 2587 1660 2619 56.
1698 2577 1720 2610 ὲ
1739 2594 1754 2610 a
1769 2586 1880 2610 credere
1894 2586 1943 2610 che

1046 2629 1189 2662 Gregorio
1202 2629 1242 2654 1x
1255 2629 1276 2653 11
1298 2629 1381 2654 abbis.
1401 2629 1541 2653 chiamati
1561 2637 1576 2653 a
1596 2628 1686 2653 Roma
1700 2636 1749 2661 per
1763 2628 1902 2661 impedire
1915 2629 1943 2652 la

1046 2679 1139 2696 nuova
1159 2671 1278 2696 colletta
1299 2673 1423 2703 imposta
1443 2671 1696 2703 dalPimperatore,
1718 2679 1762 2695 ma
1782 2671 1898 2695 invano.

1134 2712 1144 2729 ⁴
1164 2713 1300 2738 L’ordine
1320 2713 1486 2738 d'arrestare
1507 2713 1577 2738 tutti
1598 2714 1607 2737 1
1622 2713 1683 2745 figli
1697 2713 1741 2737 dei
1756 2713 1883 2742 chierici,
1898 2712 1943 2736 nel

1046 2758 1192 2780 momento
1214 2757 1243 2780 in
1259 2757 1302 2780 cui
1319 2756 1435 2780 serveva
1448 2762 1532 2787 aspra
1546 2755 1573 2778 la
1588 2755 1662 2779 lotta
1678 2754 1720 2779 fra
1733 2754 1815 2778 Stato
1830 2762 1844 2778 e
1859 2753 1943 2778 Chie-

1045 2805 1084 2828 sa,
1104 2799 1226 2823 tendeva
1245 2805 1262 2823 a
1287 2798 1459 2823 dimostrare
1485 2798 1568 2828 quale
1587 2804 1602 2821 e
1627 2799 1733 2828 quanta
1754 2797 1829 2821 fosse
1849 2797 1943 2821 aiiora

1047 2840 1075 2864 la
1094 2841 1262 2864 corruzione
1281 2839 1325 2864 del
1344 2839 1430 2870 clero,
1452 2839 1566 2863 affidato
1590 2838 1647 2862 alla
1673 2838 1871 2869 sorveglinnza
1897 2838 1944 2863 del

1046 2882 1162 2915 prelati.

1134 2923 1144 2938 ³
1163 2924 1250 2949 Forse
1270 2924 1402 2956 Berardo,
1424 2924 1608 2948 arcivescovo
1623 2923 1651 2947 di
1667 2922 1806 2954 Palermo,
1821 2930 1867 2947 era
1881 2931 1946 2955 pnr-

1045 2968 1103 2992 tito
1123 2974 1177 2991 con
1202 2966 1356 2991 Tommaso
1376 2965 1522 2998 d'Aquino
1537 2968 1622 2990 conte
1636 2966 1779 2994 d’Acerra,
1795 2965 1874 2990 ballo
1888 2965 1944 2990 dei-

1047 3009 1239 3043 l’lmperntore
1260 3011 1289 3034 in
1310 3009 1466 3034 Palestina.
1502 3008 1567 3042 Egii
1589 3016 1676 3033 sveva
1696 3015 1778 3042 preso
1797 3008 1914 3035 accordl
1927 3016 1944 3035 o

1966 229 2041 253 Mun„
2057 235 2090 251 ec.
2105 234 2178 254 roos-4

1963 670 2095 695 Landuffus
2111 671 2178 690 Sene-

1988 697 2069 717 baldus
2080 698 2103 716 in
2112 697 2179 717 abba-

1989 725 2033 743 tem
2071 724 2178 744 Casinus-

1988 757 2034 770 σενι
2073 757 2178 775 assigna-

1990 779 2036 801 tur.
2052 779 2075 797 et
2089 784 2139 797 cum
2152 784 2179 798 eo

1990 805 2082 829 quidam
2092 805 2178 828 Grego-

1991 831 2041 851 n'us
2068 832 2094 851 de
2124 832 2179 851 Car-

1991 858 2090 878 boncaello
2101 858 2124 877 in
2136 858 2179 878 Ab-

1991 885 2064 904 batem
2099 885 2179 905 Tene-

1992 911 2085 931 maioris
2119 912 2178 932 ordi-

1990 940 2070 960 natur.

2029 1169 2048 1183 c.
2065 1169 2114 1183 ,or

1971 2254 2006 2278 30

1971 2466 2004 2493 35

1971 2677 2005 2701 40

1972 2889 2004 2915 45
