2320 3444
83 220 303 247 Mun.‚cc.=0²⁴-2⁵
324 211 395 250 172
765 208 1056 244 RYCCARDI
1084 207 1158 242 DE
1186 205 1408 243 SANCTO
1439 206 1718 243 GERMANO
1991 214 2046 250 [Α.
2066 213 2159 250 12³0]

315 349 350 375 et
373 344 506 385 prelati,
530 343 588 385 qui
612 341 812 384 Imperatori
835 340 1043 372 adherentes
1066 338 1360 372 excommunicati
1385 339 1533 377 fuerant,
1558 339 1603 371 ad
1626 349 1751 381 preces
1773 339 1995 382 Imperatoris
2017 351 2037 372 a
2068 351 2160 383 papa

314 395 458 428 absoluti
481 401 569 428 sunt.
615 395 805 436 Imperator
829 404 850 424 a
873 403 965 434 papa
987 392 1176 425 discedens
1198 392 1256 424 die
1279 391 1458 430 Mercurii,
1482 392 1655 434 applicuit
1677 391 1735 425 die
1758 392 1849 425 Iovis
1879 399 1963 436 aput
1991 392 2159 426 Sanctum

77 447 291 498 ‘mssjzffseffissst
316 449 534 486 Germanum,
565 449 716 490 indeque
749 445 935 479 discedens
957 451 1035 488 post
1066 445 1261 487 prandium,
1285 444 1348 477 sub
1373 444 1553 478 celeritate
1583 456 1620 478 se
1651 445 1805 488 Capuam
1829 445 1999 479 contulit¹
2030 447 2157 480 exinde

251 490 257 496 ’
311 512 430 533 uersus
452 501 641 543 Melphiam
664 500 896 542 profecturus.
943 498 1023 531 Rex
1046 498 1372 531 Thessalonicensis
1395 498 1482 531 obiit
1505 497 1661 540 Melphie
1675 497 1698 531 ².
1744 498 1886 538 Prelati,
1917 505 1952 532 et
1982 500 2158 543 principes
2255 539 2258 546 Ι

313 553 516 586 Alamannie
539 555 575 585 in
599 564 659 585 sua
683 553 864 585 recedunt.
2203 553 2223 588 5
2242 566 2245 568 >

399 607 624 640 Beluacensis
648 606 844 649 episcopus,
868 605 927 648 qui
953 606 997 638 de
1022 605 1135 638 Gallia
1157 611 1304 638 uenerat
1326 605 1362 637 in
1386 605 1552 638 auxilium
1577 605 1738 644 ecclesie,
1755 616 1818 648 per
1833 616 1960 650 papam
1983 606 2055 640 dux
2069 606 2158 651 spo·
2267 599 2271 601 ’

311 661 371 692 leti
395 660 541 692 efficitur
553 660 576 693 ³.

398 714 602 757 Raynaldus
626 712 697 745 dux
719 712 854 755 Spoleti
878 712 975 744 uadit
999 712 1235 750 Introducum,
1259 711 1319 744 ubi
1349 712 1564 755 aliquamdiu
1587 723 1719 746 moram
1749 713 1894 752 faciens.
1925 713 1962 746 in
1992 713 2157 758 Apuliam

309 767 355 799 ad
379 766 626 808 Imperatorem
650 766 772 798 redit.'
2257 798 2259 800 ,

140 836 159 850 c.
173 836 222 854 Jrr
397 820 519 852 Mense
543 819 751 852 Novembris
775 819 966 862 Gregorius
980 829 1072 861 papa
1089 825 1274 852 reuocatus
1291 829 1310 852 a
1325 824 1485 852 senatore
1502 818 1596 853 redit
1612 820 1656 852 ad
1673 818 1804 852 Urbem
1816 819 1838 853 ⁴.
1886 820 2020 854 Eodem
2038 831 2156 854 mense
2182 821 2223 856 1⁰
2241 838 2267 864 ;ὲ

309 873 474 916 magistet
499 873 706 905 Guilliemus
729 873 773 904 de
798 871 930 905 Sancto
955 872 1130 905 Germano
1153 872 1284 904 domini
1307 882 1398 915 pape
1422 871 1624 915 capellanus
1648 873 1817 907 canonice
1841 873 1973 907 electus
1987 873 2026 906 in
2041 873 2158 908 archi·
2245 867 2255 877 '

309 927 546 971 presbyterum
571 926 691 959 Sancti
716 925 883 958 Germani
906 932 1100 969 assumptus
1123 932 1185 959 est.

76 977 177 1028 ⁶2¹2}ss
189 977 286 1029 152¹}ssss
396 980 436 1011 In
454 978 583 1020 Apulia
598 978 822 1021 Imperatoris
837 978 930 1011 iussu
942 978 954 997 ⁵
971 979 1157 1021 capiuntur
1172 978 1349 1011 Mattheus
1364 977 1616 1011 Marchafaber
1631 980 1796 1023 magister
1812 981 2037 1020 camerarius,
2050 980 2158 1015 iudex

98 1032 156 1053 ΙΜ-
307 1032 493 1075 Philippus
512 1033 556 1065 de
573 1032 798 1075 Magdalone‚
822 1032 928 1064 iudex
951 1031 1156 1065 Guillelmus
1179 1033 1223 1065 de
1239 1032 1399 1071 Salemo‚
1416 1033 1570 1065 notarius
1586 1032 1702 1065 Adam
1719 1039 1754 1066 et
1770 1033 1924 1066 notarius
1946 1033 2122 1067 Iohannes
2133 1033 2157 1067 ⁸.

397 1086 499 1118 Tunc
523 1096 587 1127 pro
612 1085 829 1118 correctione
855 1091 891 1117 et
914 1086 1093 1118 honestate
1115 1085 1187 1118 uite
1212 1085 1418 1118 clericorum
1442 1085 1624 1129 generales
1647 1086 1739 1119 idem
1765 1097 1856 1129 papa
1872 1096 1935 1129 per
1950 1092 2059 1120 totum
2083 1087 2156 1120 Re-
2182 1087 2221 1121 15
2247 1108 2259 1138 5

308 1149 414 1183 gnum
438 1140 483 1172 ad
506 1139 744 1181 metropolitas
767 1145 803 1171 et
827 1148 945 1170 eorum
968 1138 1209 1182 suffraganeos
1234 1139 1365 1172 litteras
1389 1138 1511 1182 dirigit
1534 1139 1570 1171 in
1593 1140 1661 1172 hac
1684 1140 1820 1172 forma:

1145 1247 1318 1290 Epistola.

404 1329 599 1371 Gregorius
613 1333 647 1360 et
669 1332 794 1361 cetera.
812 1327 1058 1360 uenerabilibus
1071 1328 1108 1360 in
1125 1327 1262 1360 Christo
1275 1327 1456 1371 fratribus
1479 1328 1752 1372 archiepiscopis
1768 1333 1803 1361 et
1817 1329 1989 1373 episcopis
2005 1332 2072 1373 per
2086 1329 2158 1362 Re-

70 1379 285 1427 ¹³2³}ssssssssssss
304 1393 415 1424 gnum
437 1380 555 1414 Sicilie
576 1382 767 1414 constitutis
791 1385 825 1413 et
847 1386 974 1414 cetera.
1017 1380 1061 1415 Si
1080 1382 1265 1414 cauendum
1289 1386 1341 1414 est
1370 1382 1472 1423 uobis,
1497 1393 1539 1414 ne
1561 1382 1710 1424 sanguis
1731 1382 1942 1415 subditorum
1969 1382 2011 1415 de
2033 1383 2158 1416 uestris

91 1433 201 1456 '‘mum-
308 1436 458 1467 monibus
481 1435 691 1478 requiratur,
716 1434 919 1467 clericorum
943 1435 1072 1479 culpas,
1095 1446 1159 1478 que
1174 1435 1369 1478 periculose
1384 1440 1470 1473 sunt,
1488 1438 1638 1478 propter
1653 1436 1753 1478 officii
1771 1437 1993 1480 dignitatem,
2016 1447 2082 1469 non
2096 1436 2154 1470 de—
2177 1437 2219 1471 20

305 1489 388 1520 betis
411 1489 602 1532 relinquere
624 1490 841 1521 incorrectas.
889 1488 1028 1521 Horum
1051 1490 1138 1521 enim
1161 1493 1285 1532 quanto
1309 1493 1360 1520 cst
1377 1489 1516 1532 gradus
1540 1490 1656 1529 altior,
1679 1493 1774 1522 tanto
1796 1490 1951 1533 grauior
1973 1500 2071 1524 casus
2085 1491 2156 1523 exi-
2250 1490 2260 1500 ²

307 1543 378 1580 stit,
402 1546 436 1574 et
457 1553 606 1574 excessus
628 1542 785 1586 ipsorum
816 1542 1033 1575 uehementer
1062 1542 1098 1574 in
1129 1542 1319 1586 exemplum
1346 1542 1541 1575 extenditur
1567 1543 1646 1575 dum
1676 1543 1713 1575 in
1743 1543 1990 1576 excusationem
2019 1543 2157 1577 illorum

307 1596 452 1628 dicitur:
483 1597 497 1613 “
509 1594 636 1639 Sufficit
659 1595 827 1639 discipulo
842 1596 876 1627 si
887 1596 932 1627 sit
944 1595 1031 1628 sicut
1045 1595 1217 1638 magister
1231 1595 1303 1628 eius
1317 1620 1344 1636 „‚
1368 1595 1481 1638 sicque
1496 1599 1563 1639 per
1578 1607 1636 1628 eas
1642 1596 1817 1640 facientes
1833 1597 2031 1640 delinquere
2045 1600 2158 1642 popu-

308 1650 386 1690 lum,
409 1660 526 1681 nomen
547 1649 691 1681 Domini
711 1649 977 1693 blasphematur,
1001 1659 1075 1682 cum
1099 1659 1164 1681 non
1186 1648 1315 1682 soleant
1329 1657 1465 1692 jacere,
1490 1650 1551 1692 qui
1570 1655 1766 1693 sequuntur,
1793 1650 1864 1683 nisi
1891 1650 1984 1694 quod
2010 1661 2074 1694 eos,
2097 1651 2160 1695 qui
2270 1690 2271 1693 Ἴ

303 1703 504 1747 precedunt,
521 1702 675 1735 uiderint
679 1702 864 1746 facientes.
910 1702 1008 1735 Licet
1029 1706 1139 1734 autem
1162 1702 1369 1745 corrigendi
1377 1703 1447 1735 sint
1461 1712 1572 1735 omnes
1588 1703 1790 1736 clericorum
1805 1714 1964 1742 excessus,
1987 1708 2023 1737 et
2045 1714 2156 1738 mores
2178 1704 2221 1739 25
2241 1706 2285 1749 ‘''j

305 1767 419 1789 eorum
443 1761 476 1788 et
498 1761 593 1789 actus
616 1757 651 1788 in
675 1756 794 1788 melius
816 1755 1042 1800 reformandi,
1065 1756 1249 1800 specialius
1272 1760 1324 1788 est
1346 1760 1460 1788 tamon
1482 1757 1518 1788 in
1541 1757 1589 1789 eis
1612 1756 1856 1790 incontinentie
1879 1757 2001 1790 uitium
2032 1761 2155 1802 expro-
2256 1762 2261 1765 ⁴

307 1809 480 1852 brundam,
505 1821 579 1843 cum
602 1821 668 1842 non
691 1810 811 1842 deceat
829 1813 898 1854 per
920 1810 1107 1842 immundos
1127 1814 1244 1842 sancta
1267 1810 1426 1848 tractare}
1442 1814 1476 1842 et
1482 1810 1624 1853 fedatos
1639 1810 1780 1843 libidine
1802 1821 1913 1844 mense
1935 1810 2080 1844 Domini
2093 1811 2156 1845 mi-

305 1865 464 1896 nistrare.
515 1863 612 1896 Unde
635 1863 828 1896 Abimelcch
850 1864 1008 1896 sacerdos
1030 1863 1143 1896 Davit
1168 1863 1303 1906 legitur
1324 1864 1550 1907 respondisse,
1569 1875 1604 1896 se
1627 1864 1674 1896 ad
1695 1875 1816 1896 manus
1828 1867 1936 1908 panes
1956 1864 2068 1908 laycos
2089 1875 2156 1899 non

306 1917 439 1956 habere,
461 1922 510 1949 set
523 1917 726 1950 solummodo
749 1921 872 1961 panem
893 1922 1056 1956 sanctum,
1080 1928 1178 1960 quem
1202 1917 1336 1949 mundis
1345 1918 1477 1961 pueris,
1494 1919 1638 1950 maxime
1653 1929 1675 1950 a
1691 1918 1893 1958 mulieribus,
1915 1918 2044 1962 optulit
2064 1929 2157 1952 man-
2269 1959 2271 1964 .

304 1970 504 2004 ducandum.
555 1971 602 2004 Ut
624 1971 742 2013 igitur
764 1971 928 2003 iudicium
951 1971 993 2003 de
1016 1971 1113 2002 domo
1135 1970 1282 2004 Domini
1298 1970 1455 2013 prodeat,
1475 1972 1689 2014 presentium
1712 1971 1804 2003 uobis
1833 1972 2038 2004 auctoritate
2059 1982 2154 2005 man-
2177 1973 2220 2006 30

307 2025 425 2056 damus
448 2028 482 2056 et
501 2024 537 2056 in
560 2025 688 2057 uirtute
710 2024 895 2056 obedientie
917 2024 1072 2056 districte
1092 2024 1317 2067 precipimus,
1340 2025 1501 2067 quatinus
1524 2035 1627 2067 usquc
1649 2025 1697 2057 ad
1718 2029 1790 2056 tres
1813 2035 1939 2057 menses
1954 2025 2154 2058 clericorum
2272 2022 2274 2029 '

305 2082 506 2119 uestrorum,
530 2082 600 2110 tam
623 2078 863 2110 incontinentie
886 2077 1016 2119 uitium,
1040 2088 1141 2121 quam
1157 2087 1308 2110 excessus
1328 2077 1414 2110 alios
1436 2078 1663 2121 corrigentes,
1687 2079 1871 2122 presertim
1892 2081 1998 2122 super
2019 2078 2155 2112 cohabi-

306 2132 433 2163 tatione
460 2132 638 2164 mulierum
663 2143 718 2164 eos
740 2132 931 2174 diligenter
953 2139 985 2164 et
1008 2131 1152 2164 sollicite
1174 2130 1359 2174 corrigere
1380 2131 1563 2169 studeatis;
1589 2131 1708 2164 taliter
1737 2132 1834 2165 circa
1859 2142 1919 2164 uos
1947 2132 2042 2176 ipsos
2064 2132 2156 2166 imsi-

304 2185 425 2227 gilare
447 2189 612 2227 curantes,
636 2186 726 2227 quod
747 2185 1034 2217 commendatione
1064 2185 1180 2227 magis
1197 2195 1303 2228 quam
1333 2185 1544 2217 correctione
1575 2185 1724 2228 dignum
1746 2186 1782 2217 in
1806 2185 1899 2218 uobis
1920 2185 2035 2218 ualeat
2063 2186 2156 2219 instes·

304 2239 390 2270 niri:
417 2239 566 2281 alioquin
588 2239 620 2270 si
641 2239 702 2281 qui
721 2242 882 2280 uestrum,
905 2239 998 2282 quod
1010 2249 1076 2270 non
1090 2239 1267 2280 credimus,
1281 2239 1447 2282 precepti
1466 2239 1577 2271 nostri
1587 2238 1733 2282 fuerint
1754 2242 2010 2283 contemptores,
2026 2243 2061 2272 et
2074 2243 2154 2272 tunc
2173 2239 2216 2274 35
2268 2224 2274 2272 'l

393 2377 435 2403 ²9·
455 2377 544 2404 puero
563 2371 638 2396 Uen.
658 2380 672 2395 e
691 2371 753 2396 Dat.
770 2370 816 2395 RE

392 2459 400 2474 ¹
420 2460 443 2483 11
464 2467 479 2491 4
499 2461 550 2484 set.
571 2461 594 2484 si
614 2458 745 2492 congedo
765 2460 811 2484 dal
832 2467 906 2493 papa
924 2467 939 2484 e
958 2459 980 2483 ll
999 2459 1107 2492 giorno
1126 2459 1202 2491 dopo
1257 2458 1354 2483 dlrltti
1381 2466 1395 2482 e
1421 2460 1429 2482 i
1460 2459 1598 2492 privilegi
1626 2459 1672 2484 del
1703 2461 1865 2485 monastero
1894 2460 1925 2485 dl
1949 2459 1976 2486 S.
2005 2460 2099 2486 Mm-
2125 2460 2156 2486 dl

305 2501 335 2524 fu
354 2508 369 2525 a
389 2500 495 2533 Capua.
532 2501 617 2525 Nello
638 2503 728 2526 stesso
747 2502 853 2534 giorno
867 2509 880 2533 4
896 2501 933 2526 da
947 2501 1064 2534 Anagni
1078 2500 1107 2525 la
1126 2499 1202 2525 Can·
1258 2501 1394 2530 Ferraria,
1416 2501 1542 2526 “contra
1560 2501 1835 2527 confirmationem..
1847 2520 1869 2527 ..
1890 2504 1957 2536 post
1975 2503 2083 2528 curiam
2101 2502 2156 2529 Cn·

303 2541 417 2566 cellen-ia
437 2542 587 2574 imperiale
613 2541 691 2575 spedl
718 2544 835 2574 quattro
860 2542 975 2571 lettere;
995 2542 1132 2571 Βδηιιεκ,
1152 2549 1200 2566 nn.
1259 2543 1404 2576 “puanam
1427 2546 1617 2577 optentnmn=
1638 2545 1669 2570 P.
1688 2544 1783 2577 Kana,
1808 2546 1874 2571 Otia
1886 2546 2083 2577 Diplomatica,
2096 2547 2156 2578 cit..

306 2583 353 2608 182
377 2584 421 2609 -18
443 2591 466 2609 2.
1298 2605 1304 2611 .
1325 2586 1451 2611 280-282.

260 2589 274 2614 S
357 2591 372 2616 9
389 2625 400 2642 ²
412 2591 560 2652 §emen-io
573 2627 594 2659 1,
610 2627 692 2659 figlio
707 2628 737 2652 dl
753 2628 909 2653 Bonifazio
923 2628 952 2652 di
968 2627 1157 2656 Monferrnto,
1171 2635 1200 2651 re
1256 2593 1295 2619 pp
1343 2626 1354 2643 ⁶
1373 2628 1461 2652 Forse
1481 2628 1715 2665 llvMarchiasava
1729 2629 1760 2654 su
1775 2629 1850 2654 {atto
1863 2630 2003 2654 attestare
2016 2637 2071 2655 con
2083 2631 2154 2655 tutu
2182 2638 2218 2658 ιο

301 2667 329 2691 di
351 2667 546 2699 Tessalonica,
567 2669 687 2701 deposto
708 2669 754 2694 nel
777 2675 853 2693 12²2.
1256 2671 1264 2693 l
1285 2670 1395 2702 giudic}
1417 2678 1431 2695 e
1452 2672 1532 2696 notai
1552 2679 1602 2705 per
1623 2671 1861 2700 malversqune;
1881 2674 1960 2697 certo
1980 2672 2039 2705 egli
2064 2670 2079 2697 ἑ
2102 2672 2155 2698 che

389 2708 399 2724 ³
420 2711 538 2739 Milone,
557 2719 680 2736 vescovo
700 2712 727 2736 di
748 2712 899 2740 Beauvais,
920 2718 978 2735 non
998 2710 1029 2735 fu
1049 2711 1200 2736 nomlnato
1255 2713 1301 2737 nel
1322 2713 1451 2738 sebbi-aio
1473 2720 1538 2746 1²3¹
1560 2713 1576 2739 ὲ
1593 2711 1642 2747 gli
1661 2714 1806 2739 chiamato
1817 2714 1915 2748 fidelis
1934 2718 2031 2740 noster.
2067 2715 2155 2741 Forte

301 2752 371 2776 duca
392 2753 421 2776 di
440 2753 566 2784 Spoleto,
587 2761 631 2778 ma
653 2754 727 2778 fatto
746 2754 768 2779 11
789 2759 820 2784 25
842 2755 892 2778 set.
916 2759 984 2786 1230
997 2753 1043 2778 dal
1058 2761 1131 2786 papa
1145 2755 1200 2778 ret·
1254 2755 1333 2779 nello
1353 2757 1444 2780 stesso
1464 2763 1540 2780 anno
1562 2757 1590 2780 fu
1605 2756 1729 2782 Mnestro
1742 2755 1908 2781 Camerario
1922 2756 1969 2781 nel
1982 2756 2154 2790 Principato

244 2803 274 2820 10
300 2795 363 2819 tore
382 2795 458 2820 della
478 2796 572 2821 Marcu
591 2796 778 2821 Anconitana
796 2803 811 2821 e
830 2796 876 2820 del
895 2797 1000 2820 ducato
1019 2795 1048 2820 dl
1061 2795 1198 2829 Spoleto;
1253 2797 1284 2822 dl
1303 2797 1424 2823 Salerno
1442 2805 1457 2822 e
1476 2799 1565 2823 Terra
1584 2798 1614 2823 di
1633 2797 1757 2829 anoro,
1778 2798 1824 2822 nel
1850 2799 2002 2823 settembre
2030 2805 2095 2832 ¹²33
2122 2799 2154 2825 fu

301 2837 338 2861 cf.
358 2838 495 2869 BALuzm,
516 2839 695 2863 Miscellanea
715 2839 793 2864 edita
813 2839 860 2863 dal
880 2839 990 2867 ΜΛΝ-ει,
1008 2837 1058 2868 ΙΙΙ,
1080 2846 1107 2870 p.
1133 2845 1197 2871 393;
1253 2840 1387 2871 magister
1406 2841 1565 2866 duanam...
1584 2841 1617 2865 de
1639 2840 1758 2866 Secretis
1771 2844 1799 2865 et
1810 2844 1960 2872 quaestorum
1974 2841 2003 2866 di
2019 2840 2153 2866 Calabria
2180 2847 2213 2875 25

301 2877 493 2908 Romanunm,
514 2881 535 2910 Ι,
555 2888 581 2905 η.
601 2888 652 2912 434
672 2880 759 2906 dell'8
778 2888 872 2905 marzo
894 2887 971 2913 1231,
990 2888 1017 2913 p.
1036 2887 1096 2912 350.
1251 2888 1267 2907 e
1291 2881 1406 2911 Sicilia:
1432 2882 1469 2907 cs.
1494 2883 1615 2908 Annales
1641 2883 1730 2908 Siculi
1751 2883 1782 2907 ln
1808 2883 1970 2914 Ponuntur,
1995 2882 2153 2909 Gnosium

388 2919 398 2936 ⁴
412 2921 512 2946 Τοι-ηὸ
527 2930 541 2946 a
555 2922 646 2947 Roma
661 2924 736 2955 negli
752 2924 846 2948 ultimi
863 2924 962 2956 giornl
975 2923 1021 2948 del
1036 2923 1197 2948 novembre.
1251 2924 1469 2955 MALATERRAE,
1491 2925 1619 2950 Historia
1639 2925 1741 2954 Sicula,
1760 2926 1818 2956 cit„
1839 2933 1866 2958 p.
1890 2931 1936 2958 ¹¹7
1957 2933 1972 2950 e
1993 2925 2053 2956 118,
2078 2925 2153 2951 dove

391 2962 401 2978 ⁵
420 2964 444 2987 Il
465 2969 478 2994 5
500 2964 546 2995 XI,
571 2971 637 2997 1230
657 2966 850 2998 l’lmperatore
870 2966 905 2990 da
919 2966 1028 2998 Foggia
1042 2964 1149 2990 ordino
1167 2967 1195 2990 al
1251 2966 1276 2991 sl
1296 2966 1359 2991 dice
1378 2967 1428 2991 che
1449 2966 1509 2992 “A.
1528 2968 1564 2992 D.
1583 2966 1800 2993 MCCXXXVII
1819 2968 1913 3001 (1239)
1932 2968 2026 3002 primo
2045 2969 2151 2993 mensis

243 3009 271 3035 15
301 3006 388 3033 conti,
408 3005 518 3037 baroni,
550 3008 661 3031 maestri
685 3008 846 3040 giustizieri
874 3010 926 3033 etc.
952 3008 982 3032 di
1008 3009 1161 3044 rispettare
1186 3009 1194 3035 i
1252 3008 1412 3043 “Augustl,
1432 3010 1627 3035 Murchinfaba
1646 3011 1769 3035 secretus
1788 3010 1864 3035 obiit
1875 3029 1898 3043 ,.
