2320 3444
39 1396 80 1428 20

6 2907 29 2939 f*
53 2920 82 2946 15

12 835 80 902 ’,ιο

102 256 156 291 [Α.
175 256 270 288 1237]

882 251 1159 289 CHRONICA

99 381 226 415 nonice
250 382 428 416 celebrata
451 389 504 416 est
525 382 571 416 de
593 384 703 416 fratre
727 383 903 417 Pandulfo
926 384 969 416 de
992 382 1123 417 Sancto
1147 383 1340 427 Stephano,
1364 391 1399 418 et
1414 385 1510 428 quasi
1526 395 1590 428 per
1611 385 1877 429 inspirationem
1894 386 1938 419 ab

100 435 260 469 omnibus
282 436 476 479 approbata
489 435 510 468 ¹.

188 489 311 521 Mense
336 489 517 522 Februarii
541 490 655 523 littere
678 490 878 532 imperiales
900 491 992 523 lecte
1015 491 1143 523 suntin
1160 490 1288 524 Sancto
1307 491 1482 524 Germano
1499 493 1543 525 de
1560 493 1722 535 captione
1738 492 1938 532 Uincentie,

100 547 135 575 et
157 542 202 574 de
226 552 318 575 nova
341 543 565 586 Imperatoris
587 544 686 586 prole
710 544 865 577 feminea
887 545 932 577 de
961 555 1051 577 nova
1075 549 1238 577 consorte
1267 551 1438 587 suscepta.
1484 546 1663 590 Inquisitio
1694 547 1732 580 fit
1762 548 1807 580 de
1831 558 1937 590 opere

32 593 35 597 “
59 593 78 628 5
101 595 220 628 Sancti
242 596 408 629 Germani
431 606 496 639 per
517 597 670 642 iudicem
693 597 911 630 Adenulfum
934 598 979 630 de
1003 597 1140 630 Suessa.
1168 614 1172 618 -

189 649 313 682 Mense
336 649 455 682 Martii
479 650 589 682 frater
612 650 744 694 Symon
767 650 811 682 de
835 650 1061 682 Presentiano
1083 656 1118 683 et
1140 651 1251 683 frater
1273 650 1469 693 Stephanus
1492 651 1537 685 de
1560 653 1727 686 Corvaria
1749 655 1796 686 ad
1825 654 1941 696 Impe-

101 708 250 735 ratorem
273 703 308 734 in
325 702 564 736 Alemanniam
586 704 719 736 uadunt
741 713 821 735 cum
838 703 960 736 litteris
976 709 1167 736 conventus
1190 704 1295 737 factis
1310 705 1356 736 ad
1372 716 1462 744 eum,
1477 705 1600 748 quibus
1624 707 1830 741 denuntiant
1844 708 1938 740 elec-

101 755 231 788 tionem
254 757 423 789 canonice
447 755 654 790 celebratam
680 757 724 788 de
747 757 858 789 fratre·
879 756 1055 789 Pandulfo
1080 758 1124 789 de
1148 756 1275 790 Sancto
1299 757 1443 791 stefano
1466 759 1502 790 in
1525 759 1683 792 abbatem
1702 759 1939 794 casinensem.

190 809 326 842 Eodem
348 820 466 842 mense
490 810 704 852 Imperatore
727 810 916 843 mandante
939 810 1113 854 generalis
1136 811 1286 843 collecta
1310 821 1374 854 per
1396 817 1504 844 totum
1527 812 1689 856 Regnum
1715 814 1873 857 exigitur.

189 863 314 896 Mense
337 862 479 906 Aprelis
501 863 665 908 magister
688 863 809 896 domus
831 863 1105 896 Teutonicorum
1128 869 1163 896 et
1193 864 1357 907 magister
1383 864 1508 897 Petrus
1539 867 1582 898 de
1614 866 1740 899 Uinea'
1771 868 1864 900 missi
1896 869 1938 901 ab

101 915 315 959 Imperatore
339 917 384 950 ad
406 927 533 960 papam
555 916 701 948 ueniunt
723 926 787 958 pro
814 916 911 949 facto
940 916 1152 949 Lombardie
1165 916 1188 948 ².

103 975 196 1003 mata
217 976 278 1003 est.

1234 917 1366 950 Eodem
1396 928 1514 951 mense
1545 930 1613 961 pax
1641 920 1679 952 in
1708 920 1805 953 Urbe
1828 922 1941 954 refor-

191 1023 314 1056 Mense
336 1022 448 1056 Madii
469 1022 679 1056 Acerrarum
703 1033 820 1056 comes
849 1029 884 1055 et
915 1023 1084 1066 Magister
1114 1023 1313 1056 iustitiarius
1343 1024 1387 1057 ab
1418 1025 1630 1067 Imperatore
1659 1026 1703 1059 de
1733 1026 1941 1060 Alamannia

101 1077 251 1109 redeunt
273 1076 310 1110 in
332 1076 507 1120 Regnum.
544 1077 668 1109 Frater
690 1075 818 1119 Symon
842 1077 886 1109 de
910 1076 1139 1109 Presentiano
1156 1083 1191 1109 et
1207 1077 1316 1110 frater
1332 1077 1528 1120 Stephanus
1543 1079 1701 1112 similiter
1717 1081 1761 1112 de
1778 1081 1941 1113 Alaman-

40 1127 80 1161 15
104 1128 163 1161 nia
185 1129 332 1162 redeunt
353 1139 432 1162 cum
455 1129 580 1174 litteris
602 1129 826 1171 Imperatoris
849 1129 894 1161 de
918 1130 1012 1162 facto
1035 1129 1219 1163 electionis
1243 1130 1337 1163 facte
1354 1131 1398 1163 de
1415 1131 1524 1163 fratre
1542 1130 1716 1164 Pandulfo
1740 1134 1785 1165 ad
1801 1134 1939 1166 archie-

102 1182 266 1225 piscopos
287 1181 570 1215 Panormitanum
583 1181 596 1199 ⁸
619 1187 654 1215 et
677 1182 882 1225 Capuanum
904 1193 972 1216 nec
995 1193 1066 1216 non
1089 1189 1124 1216 et
1146 1183 1394 1216 Rauellensem
1418 1184 1617 1227 episcopum
1641 1186 1759 1224 missis,
1777 1197 1839 1228 per
1855 1198 1941 1230 quos

102 1235 282 1268 certiorari
305 1235 481 1268 desiderat
503 1235 547 1268 de
571 1235 776 1269 sufficientia
797 1235 905 1278 ipsius
927 1235 1044 1269 electi.

190 1289 326 1322 Eodem
353 1300 470 1322 mense
501 1289 677 1322 Iohannes
707 1289 752 1322 de
782 1289 871 1334 Poly
902 1295 1041 1323 senator
1070 1289 1179 1323 Urbis
1202 1290 1318 1323 factus
1340 1292 1433 1330 est⁴3
1458 1298 1494 1324 et
1516 1292 1641 1324 iterum
1665 1293 1701 1325 in
1724 1293 1799 1325 eius
1822 1295 1939 1326 odium

103 1342 230 1376 seditio
251 1342 287 1374 in
310 1342 407 1376 Urbe
430 1348 506 1376 orta
529 1348 591 1375 est.

189 1395 359 1439 Magister
382 1396 504 1429 domus
525 1396 799 1429 Teutonicorum
823 1407 843 1428 a
865 1407 956 1439 papa
981 1397 1026 1429 ad
1049 1397 1299 1440 Imperatorem
1321 1399 1508 1431 reuertitur
1520 1399 1541 1432 ⁵.

190 1449 385 1492 Episcopus
407 1449 578 1482 Ostiensis
601 1455 636 1482 et
658 1449 812 1482 Thomas
833 1450 1019 1492 Capuanus
1043 1450 1131 1484 tituli
1147 1457 1266 1484 sancte
1290 1451 1417 1484 Sabine
1433 1452 1603 1495 presbiter
1627 1453 1815 1486 cardinalis
1836 1454 1942 1497 legati

107 1502 152 1536 ad
173 1503 421 1546 Imperatorem
442 1504 574 1536 uadunt
597 1513 640 1536 ex
663 1508 763 1546 parte
786 1514 888 1547 pape.

191 1556 314 1589 Mense
338 1557 428 1589 Iunii
452 1556 566 1589 dictus
587 1557 699 1590 frater
721 1556 851 1601 Symon
873 1567 936 1600 per
956 1558 1132 1591 dominum
1148 1543 1370 1592 Guillelmum
1386 1559 1431 1591 de
1449 1559 1575 1593 Sancto
1592 1561 1620 1593 F
1621 1562 1814 1605 raymundo
1830 1562 1941 1594 Terre

104 1608 251 1643 Laboris
273 1609 498 1656 iustitiarium‚
521 1616 722 1643 remanente
745 1620 862 1643 secum
885 1611 920 1643 in
945 1612 1092 1645 rectoria
1116 1612 1225 1645 fratre
1248 1612 1402 1645 Iohanne
1426 1613 1555 1646 Cazolo
1579 1620 1614 1646 et
1629 1614 1763 1646 duobus
1778 1615 1854 1647 aliis
1869 1625 1943 1647 cas-

4 1653 82 1696 ’25
105 1664 189 1696 satis
211 1662 418 1702 rectoribus,
441 1663 576 1697 scilicet
598 1664 707 1696 fratre
730 1663 866 1697 Iuliano
889 1670 924 1697 et
947 1666 1057 1698 fratre
1072 1666 1255 1699 Robberto
1272 1667 1317 1699 de
1333 1666 1488 1704 Forata,
1503 1673 1618 1699 rector
1634 1668 1832 1700 Casinensis
1847 1669 1943 1702 insti-

105 1722 199 1750 tutus
221 1722 281 1749 est.
329 1715 402 1755 Qui
423 1717 532 1750 frater
556 1715 683 1761 Symon
707 1723 790 1759 aput
811 1716 1011 1750 Auellinum
1035 1719 1167 1751 uadens
1191 1719 1234 1751 ad
1258 1718 1418 1752 dominos
1434 1719 1537 1752 Curie
1561 1720 1790 1763 supradictos,
1806 1722 1863 1764 qui
1879 1722 1944 1754 ibi-

104 1770 185 1803 dem
208 1776 456 1809 conuenerant,
480 1770 630 1813 optinuit
651 1769 698 1803 ab
719 1771 780 1809 eis,
803 1777 840 1803 ut
862 1781 927 1813 pro
951 1772 1177 1815 inquisitione
1200 1773 1366 1805 facienda
1389 1773 1434 1805 de
1455 1783 1601 1816 persona
1624 1774 1825 1807 Casinensis
1841 1775 1943 1808 electi

105 1824 253 1863 mittere,
277 1834 378 1866 quem
402 1823 544 1862 uellent,
565 1823 755 1862 deberent;
779 1824 838 1867 qui
860 1825 907 1857 ad
929 1825 998 1857 hoc
1019 1825 1219 1858 faciendum
1242 1825 1354 1858 uirum
1376 1826 1560 1869 prouidum
1584 1827 1735 1860 iudicem
1759 1827 1943 1861 Taddeum

106 1877 150 1910 de
173 1875 296 1910 Suessa
318 1887 441 1921 magne
465 1877 655 1920 imperialis
676 1877 780 1910 Curie
803 1877 955 1910 iudicem
979 1879 1169 1922 elegerunt.

192 1929 314 1963 Mense
344 1930 421 1963 Iulii
450 1930 596 1963 ueniens
625 1930 716 1963 idem
745 1930 850 1964 iudex
872 1930 917 1964 ad
941 1930 1104 1964 Sanctum
1129 1932 1340 1965 Germanum
1363 1933 1407 1966 de
1428 1934 1592 1966 mandato
1623 1934 1858 1976 predictorum
1883 1934 1945 1968 do-

105 1984 276 2017 minorum
298 1989 368 2017 tam
399 1984 443 2016 de
474 1984 543 2016 fide
565 1995 667 2027 quam
689 1983 891 2018 sufficientia
913 1985 982 2017 iam
1011 1985 1096 2018 dicti
1119 1984 1317 2018 Casinensis
1349 1986 1454 2020 electi
1484 1997 1549 2030 per
1578 1987 1733 2031 singulos
1756 1988 1799 2020 de
1822 1988 1945 2021 castris

104 2036 247 2080 singulis
269 2037 315 2069 ad
338 2047 375 2070 se
399 2036 462 2070 sub
485 2042 583 2069 certo
606 2047 748 2070 numero
771 2043 914 2071 uocatos
936 2038 1103 2078 homines,
1126 2049 1263 2072 necnon
1287 2045 1322 2072 et
1349 2040 1393 2072 de
1417 2040 1538 2079 Atino,
1561 2040 1620 2073 ubi
1643 2051 1679 2073 se
1711 2047 1868 2083 tempore
1892 2042 1946 2074 di·-

105 2090 244 2123 scordie
267 2089 356 2122 inter
379 2089 565 2123 ecclesiam
587 2095 624 2123 et
653 2090 901 2133 Imperatorem
931 2098 1123 2133 receperat,
1145 2093 1403 2135 inquisitionem
1427 2094 1545 2126 facere
1572 2093 1704 2127 studuit
1734 2094 1944 2137 diligentem,

105 2154 208 2188 quam
232 2144 269 2175 in
293 2143 432 2186 scriptis
454 2144 632 2176 redactam
655 2145 699 2176 ad
719 2145 861 2178 eosdem
876 2144 1035 2178 dominos
1058 2156 1120 2188 per
1142 2146 1341 2190 magistrum
1364 2147 1557 2180 Terrisium
1581 2148 1625 2180 de
1649 2146 1754 2181 Atino
1778 2148 1908 2181 remisit
1921 2148 1944 2188 ⁸,

198 2273 223 2299 6.
242 2273 371 2299 Carvaro
390 2273 465 2299 Uos.
486 2283 500 2298 e
518 2274 582 2299 Dm.
601 2274 658 2304 Rn;
677 2273 819 2300 CurvarIo
839 2275 935 2300 Paarz
955 2285 968 2300 e
993 2275 1090 2301 Gamo.
1110 2289 1143 2295 -·
1166 2284 1205 2301 10.
1225 2277 1338 2309 Aprilis
1356 2277 1433 2302 Uen.
1454 2287 1467 2302 e
1485 2278 1547 2303 Dm.
1566 2278 1610 2302 Rs:
1630 2292 1662 2296 —
1684 2286 1773 2303 11-12.
1791 2280 1945 2304 reformata

109 2317 151 2341 est
169 2318 224 2341 etc.
243 2316 319 2342 Uen.
339 2329 371 2333 —
394 2323 425 2348 ¹4
444 2325 457 2340 e
478 2315 519 2340 26.
539 2315 638 2341 Simon
658 2315 744 2347 Uen„
762 2317 826 2342 Dm.
844 2317 896 2350 Ra,
917 2318 1014 2342 Pam-z
1034 2327 1048 2342 e
1066 2317 1163 2344 Gamo.
1185 2333 1216 2337 —-
1239 2326 1279 2350 ¹9·
1299 2321 1376 2344 mota
1396 2329 1444 2344 non
1463 2322 1527 2344 orta
1545 2323 1588 2345 est
1614 2321 1688 2345 Uofl.
1714 2330 1727 2345 e
1753 2322 1816 2346 Dat.
1842 2323 1886 2346 Ra
1912 2335 1944 2340 —

110 2364 153 2391 3²·
173 2365 222 2383 nec
242 2365 301 2383 non
321 2360 349 2383 et
368 2358 402 2383 de
420 2365 497 2383 anno
517 2358 608 2383 invect
627 2358 658 2383 di
674 2359 766 2384 Atlno
785 2359 861 2385 Uofl.

196 2445 204 2462 ¹
223 2446 387 2472 L'elezlone
405 2446 436 2472 di
455 2446 599 2472 Pandolto
613 2447 643 2471 di
656 2446 683 2472 S.
696 2447 825 2479 Stefano,
838 2451 999 2482 approvata

106 2488 348 2523 dall’lmperatore
367 2490 443 2522 dopo
462 2491 542 2514 tante
562 2489 681 2514 Vlcende
699 2491 842 2515 ricordate
855 2492 890 2516 da
903 2492 947 2523 R.,
970 2492 1000 2516 fu

107 2531 142 2556 da
161 2530 304 2563 Gregorio
329 2531 369 2556 IX
393 2531 544 2556 annullata
569 2538 624 2556 con
645 2538 694 2556 sua
715 2532 816 2557 lettera
840 2533 886 2557 del
911 2541 926 2566 3
951 2533 998 2562 IX,

110 2578 187 2605 1237,
208 2573 298 2605 “quia
318 2574 409 2605 ipsam
431 2574 595 2598 invenimus
614 2575 709 2598 minus
727 2575 865 2599 canonice
879 2575 999 2600 celebra-

110 2614 192 2641 “tam
202 2634 227 2648 η.
260 2615 324 2648 Egll
339 2614 396 2648 pub
410 2615 510 2648 quindi
527 2615 716 2640 consideran}
733 2615 746 2629 ⁸
758 2615 976 2642 administrator
986 2635 999 2648 „

107 2656 157 2690 piu
169 2658 221 2682 che
233 2657 324 2687 abate,
343 2666 431 2688 come,
450 2657 523 2682 sulla
543 2659 766 2683 testImonianza
783 2659 814 2683 di
833 2658 876 2688 R.,
893 2659 1000 2692 giusta-

108 2700 202 2724 mente
220 2700 308 2732 opina
319 2699 430 2724 Manno
442 2699 606 2729 luctuum,
627 2700 792 2732 Cronologia
805 2701 863 2732 cit.‚
877 2709 924 2734 pp.
937 2708 1000 2733 422-

107 2747 140 2773 ²3
161 2749 175 2765 e
194 2743 370 2773 soprattutto
389 2747 452 2774 451,
464 2741 632 2775 Appendice
645 2741 666 2773 1,
686 2742 761 2768 dove
779 2743 890 2776 rlporta
909 2743 938 2769 la
950 2745 1002 2768 let-

107 2785 168 2808 tera
187 2783 335 2815 pontificia
353 2782 402 2817 gia
414 2783 542 2809 indicata
555 2785 591 2809 da
605 2784 637 2809 L.
651 2783 789 2816 Auviunc,
802 2786 855 2810 Les
867 2787 1002 2818 registres

108 2825 141 2849 de
166 2825 300 2857 Grdgorie
322 2826 372 2858 IX,
392 2827 413 2851 t.
431 2825 466 2856 11,
484 2826 574 2856 Paris,
597 2831 672 2858 1907,
693 2834 740 2851 nn.
760 2825 887 2859 3854-55.

195 2865 207 2883 ²
225 2866 370 2892 Ermanno
389 2868 418 2893 di
438 2868 517 2893 Saltz
537 2876 551 2892 e
570 2868 636 2892 Pier
655 2868 731 2893 della
750 2868 845 2901 Vlgna
864 2877 950 2894 erano
964 2870 1003 2894 la-

110 2910 167 2934 tori
188 2910 274 2934 d'una
292 2910 392 2935 lettera
411 2911 560 2943 impertale
577 2911 628 2935 che
649 2911 679 2935 ln
700 2911 836 2942 Bonum,
857 2919 883 2937 n.
903 2918 970 2944 2225
991 2912 1005 2937 ὲ

111 2954 258 2986 assegnata
277 2960 360 2978 verso
378 2953 400 2978 il
422 2954 565 2984 sebbralog
585 2954 620 2978 cf.
641 2953 834 2984 Ronanmmo,
853 2962 881 2980 n.
900 2961 959 2987 707,
979 2963 1006 2987 p.

111 2995 163 3026 609
180 3003 195 3020 e
214 3003 263 3026 ag..
278 2996 377 3020 lettera
390 2995 435 3021 del
449 3003 523 3029 papa
537 2997 761 3028 all'imperatore
775 2997 819 3021 dei
834 3003 867 3030 23
880 2997 914 3027 V,
931 3003 1006 3029 ¹²37-

198 3038 210 3055 ³
223 3039 333 3066 ΜΑυιιο
352 3040 516 3069 ῙκουΑωη,
538 3042 704 3073 Cronologia
724 3042 781 3072 cit„
802 3049 829 3074 p.
848 3047 908 3073 422,
928 3042 1006 3074 pnrln

279 3154 314 3180 T.
332 3154 393 3185 vn,
413 3162 440 3188 p.
461 3162 485 3181 u
504 3169 538 3174 —
559 3162 600 3187 13.

1053 2450 1210 2474 dell’arciv.
1230 2451 1260 2475 di
1281 2450 1411 2481 Salerno,
1430 2453 1528 2476 invece
1548 2452 1575 2476 di
1596 2451 1692 2483 quello
1712 2452 1739 2476 di
1760 2451 1901 2478 Palermo.

1141 2490 1152 2508 ⁴
1170 2491 1319 2518 Giovanni
1340 2494 1368 2517 di
1389 2492 1470 2526 Polo,
1490 2494 1627 2525 borghese
1646 2494 1675 2518 di
1696 2494 1795 2523 Roma,
1815 2495 1888 2519 celo
1904 2496 1945 2519 at-

1051 2536 1124 2560 testa
1138 2535 1167 2559 lo
1181 2537 1271 2560 stesso
1285 2535 1328 2566 R.,
1340 2535 1491 2569 parteggio
1505 2544 1622 2568 sempre,
1636 2544 1714 2560 come
1727 2538 1746 2561 il
1760 2536 1943 2570 F’rangipaM,

1052 2584 1101 2610 per
1120 2578 1312 2610 l’imperatore
1333 2579 1415 2602 tanto
1435 2579 1469 2602 da
1489 2585 1571 2602 avere
1591 2579 1635 2602 nei
1659 2585 1725 2609 1²²9
1743 2581 1883 2611 occupato
1897 2586 1946 2612 per

1054 2620 1096 2644 lul
1115 2619 1142 2644 la
1161 2619 1232 2644 citt&
1252 2620 1281 2644 di
1299 2620 1401 2648 Fundi.
1421 2620 1471 2644 che
1491 2620 1633 2645 l‘esercito
1659 2621 1760 2652 papale
1782 2628 1837 2644 non
1862 2619 1946 2645 riuscl

1054 2662 1088 2686 ad
1109 2669 1272 2694 espugnare.
1310 2662 1355 2687 Cf.
1375 2670 1401 2694 p.
1424 2669 1472 2694 194
1492 2670 1519 2686 n.
1538 2670 1562 2694 3.

1144 2703 1154 2719 ⁵
1175 2703 1220 2729 Cf.
1242 2712 1269 2729 n.
1289 2711 1312 2728 2.

1143 2744 1155 2762 ⁶
1168 2747 1293 2771 Maestro
1306 2747 1436 2772 Terrisio
1451 2747 1478 2770 di
1495 2747 1583 2771 Atina
1597 2745 1611 2770 ὲ
1626 2746 1702 2771 forse
1716 2747 1736 2770 il
1754 2746 1765 2758 ‘⁴
1778 2747 1866 2771 frater
1879 2746 1945 2772 Ter-

1057 2789 1167 2814 “risius
1192 2791 1341 2822 preceptor
1360 2790 1508 2814 domorum
1535 2789 1670 2821 ospitalis
1697 2790 1789 2814 sancti
1809 2790 1947 2814 Iohannis

1059 2831 1072 2844 ‘¹
1083 2832 1112 2856 in
1133 2831 1242 2864 Apulia
1254 2850 1276 2863 η,
1290 2832 1466 2859 testimonio,
1482 2832 1598 2855 insleme
1618 2839 1671 2855 con
1687 2832 1842 2855 'l'ommaso
1863 2834 1945 2856 conte

1057 2874 1087 2898 di
1107 2873 1212 2898 Acerra
1231 2874 1264 2898 ed
1285 2874 1362 2902 altri,
1389 2875 1418 2897 in
1444 2880 1482 2896 un
1502 2874 1563 2897 (loc,
1590 2872 1634 2897 del
1664 2873 1720 2897 dic.
1746 2880 1808 2905 1231
1837 2875 1947 2906 riguar-

1057 2916 1143 2940 dante
1163 2916 1258 2940 alcuni
1276 2916 1341 2940 beni
1363 2915 1508 2948 posseduti
1531 2915 1704 2939 dall’ordine
1729 2915 1889 2940 Teutonico
1916 2917 1946 2940 ln

1058 2957 1171 2985 Accon;
1185 2959 1220 2984 cf.
1236 2956 1583 2985 {qunmu-Bnanonms,
1595 2957 1642 2987 IV,
1654 2963 1703 2989 297
1715 2965 1729 2982 e
1743 2966 1798 2990 sg.·,
1812 2959 1947 2990 Bonum,

1060 3007 1087 3025 n.
1110 3007 1188 3032 ¹9¹9·
1226 3001 1259 3024 Α.
1273 3000 1440 3027 GAumm-zx,
1455 3000 1533 3024 Sulla
1547 3001 1703 3031 cronologia
1723 3001 1794 3025 delle
1813 3004 1892 3031 opere
1905 3002 1950 3025 dei

1061 3043 1193 3067 dettatm'i
1216 3043 1354 3074 bolognesi
1371 3043 1406 3066 da
1429 3043 1652 3074 Buancomtngno
1677 3050 1693 3066 a
1715 3043 1787 3066 Bene
1806 3043 1836 3066 di
1852 3044 1947 3074 Lacca,

1973 2499 2007 2518 20

1975 2711 2006 2737 ²5

1976 2926 2010 2950 30

2021 886 2042 900 c.

1866 255 1935 291 193
1953 266 2027 290 Mun..
2038 272 2071 287 cc.
2084 268 2170 292 ¹⁰37·³8

2056 886 2105 905 «ον
