2320 3444
133 223 185 260 [A.
206 222 300 260 1229]
910 217 1200 255 CHRONICA
1901 220 1967 256 161

222 350 324 382 Tunc
347 347 536 382 Rostridus
559 348 841 392 archipresbyter
856 349 977 382 Sancti
993 350 1156 383 Germani
1170 350 1179 367 ¹
1203 360 1267 393 per
1289 350 1524 384 Albanensem
1539 352 1754 395 episcopm,
1776 363 1867 395 papa
1882 363 1976 385 man-

137 403 254 440 dante,
276 402 309 434 in
335 402 557 436 Teanensem
578 401 781 444 episcopum
805 407 857 434 est
879 409 1081 445 assumptus.

223 455 264 487 In
287 455 418 498 Apulia
438 455 508 487 illis
530 454 654 487 diebus
683 454 823 499 quidam
854 454 982 487 Paulus
1009 457 1054 488 de
1086 456 1283 500 Logotheta
1313 457 1500 500 imperialis
1529 459 1730 492 iustitiarius
1758 459 1975 492 membratim

40 541 43 543 .
135 508 327 541 trucidatus
350 514 401 541 est
424 508 468 542 ab
490 508 569 546 hiis,
592 509 652 551 qui
674 508 756 541 odio
779 508 1026 550 Imperatorem
1050 509 1226 542 habebant
1239 510 1262 542 ².

41 590 49 605 ¹.
93 560 113 594 5
225 562 418 604 Imperator
440 572 518 595 cum
541 562 720 594 fortunato
744 562 1062 605 crucesignatorum
1090 564 1247 596 exercitu
1271 565 1367 596 uenit
1388 565 1542 606 Capuam
1571 576 1689 599 mense
1721 566 1935 609 Septembris
1947 565 1970 604 ³,

38 608 44 618 ⁴
137 620 172 647 et
194 614 238 647 ab
261 615 328 647 ista
349 621 449 658 parte
473 615 592 657 Capue
614 613 886 647 sarracenorum
901 624 1031 648 cuneos
1047 615 1231 654 ordinauit,
1248 626 1355 659 seque
1371 618 1564 661 Neapolym
1581 619 1725 652 contulit
1740 620 1808 652 eris
1831 626 1866 653 et
1888 630 1974 664 gen-

136 668 182 701 tis
204 679 224 700 a
247 667 383 701 ciuibus
406 668 572 701 auxilium
594 667 774 710 petiturus.

223 721 326 754 Tunc
351 722 477 755 ciuitas
508 721 814 765 Sanctagathensis
842 727 967 764 sponte
997 723 1095 755 uenit
1123 723 1168 754 ad
1199 723 1398 756 mandatum
1429 724 1588 763 ecclesie,
1613 731 1648 758 et
1677 736 1713 758 se
1737 725 1890 759 reddidit
1912 727 1975 759 do-

137 775 231 808 mino
254 786 344 818 pape
357 775 381 807 ⁴.

75 829 114 861 10
225 829 352 862 Comes
367 829 543 873 Rogerius
558 831 603 863 de
619 829 750 872 Aquila
764 829 871 862 filium
885 840 982 862 suum
993 829 1128 871 recipit,
1140 839 1243 872 quem
1255 830 1290 861 in
1303 829 1422 862 Sicilia
1435 831 1589 863 obsidem
1602 838 1761 865 tenuerat
1773 833 1974 876 Imperator.

226 882 389 926 Pelagius
411 882 622 916 Albanensis
652 883 838 926 episcopus
859 893 924 926 pro
956 883 1101 916 defectu
1131 882 1330 921 solidorum,
1360 894 1446 926 quos
1477 884 1604 918 habere
1629 896 1698 918 non
1723 893 1870 928 poterat,
1894 887 1974 930 capi

138 935 235 968 iubet
257 936 455 968 thesaurum
471 936 620 969 ecclesie
636 936 846 975 Casinensis,
863 942 897 969 et
920 936 1071 969 ecclesie
1095 936 1215 969 Sancti
1240 936 1406 969 Germani
1429 947 1493 979 per
1516 938 1738 971 Calinensem
1762 940 1976 982 episcopum,

138 999 216 1022 cum
241 999 311 1032 quo
335 989 456 1021 clerici
473 989 594 1022 Sancti
618 989 782 1023 Germani
804 990 841 1022 in
863 995 960 1023 certa
982 990 1172 1032 quantitate
1195 989 1344 1032 pecunie
1369 997 1617 1030 conuenerunt,
1639 1003 1683 1024 ne
1707 993 1902 1026 thesaurum
1920 1004 1975 1026 ec-

140 1042 245 1075 clesie
269 1047 461 1085 asportaret
473 1041 514 1075 '.'

32 1095 39 1122 ἶ
78 1096 115 1128 15
227 1095 423 1138 Imperator
438 1107 459 1128 a
475 1096 638 1140 Neapoly
660 1096 815 1140 Capuam
839 1097 977 1130 rediens
990 1097 1116 1130 'mouet
1139 1096 1267 1130 exinde
1284 1103 1396 1130 castra
1411 1108 1483 1136 sua,
1499 1103 1535 1130 et
1556 1099 1698 1130 veniens
1721 1099 1865 1132 Caluum
1879 1099 1901 1139 ⁰,
1917 1100 1975 1134 ubi

39 1143 42 1146 ⁴
138 1149 295 1182 nonnulli
319 1150 364 1182 de
387 1149 506 1192 papali
528 1150 683 1182 exercitu
707 1157 945 1184 conuenerant
974 1151 1019 1183 ad
1049 1150 1243 1188 defensam,
1272 1150 1367 1182 illam
1398 1151 1487 1183 fecit
1517 1150 1671 1194 undique
1702 1152 1911 1196 impugnari,
1943 1160 1977 1186 et

138 1208 221 1235 tunc
237 1208 358 1244 captos
381 1202 549 1246 quosdam
565 1203 609 1235 de
633 1202 823 1246 Campania
837 1204 1004 1246 suspendi
1019 1203 1124 1236 iubet.
1168 1203 1212 1236 Et
1234 1204 1378 1236 tandem
1393 1203 1538 1236 Caluum
1560 1205 1687 1247 recipit
1710 1207 1754 1238 ad
1778 1205 1976 1239 mandatum

139 1261 175 1288 et
197 1255 397 1288 fidelitatem
421 1265 527 1288 suam.
573 1255 731 1299 Indeque
758 1266 828 1289 non
852 1256 1067 1289 obstantibus
1097 1256 1254 1289 hostibus
1276 1266 1340 1299 per
1363 1257 1545 1301 Ryardum
1577 1258 1709 1291 habens
1730 1259 1908 1291 transitum
1932 1260 1977 1292 ad

32 1352 35 1354 v
142 1307 308 1342 Sanctam
332 1307 482 1341 Mariam
507 1310 551 1342 de
574 1309 603 1342 F
605 1310 760 1342 erraria⁷
784 1310 881 1343 uenit
902 1310 1116 1353 iudempnis3
1141 1310 1199 1343 ubi
1222 1321 1284 1353 per
1307 1310 1456 1343 triduum
1480 1321 1610 1343 moram
1627 1311 1763 1345 faciens
1778 1312 1976 1356 Uayranum

28 1372 30 1374 ·
75 1364 117 1396 20
139 1362 280 1405 recipit,
301 1362 492 1405 Aliphiam‚
515 1369 550 1396 et
573 1363 779 1403 Uenafrum,
802 1369 837 1396 et
860 1370 966 1397 totam
990 1370 1116 1397 terram
1139 1364 1286 1397 filiorum
1310 1364 1480 1396 Pandulfi.

226 1415 348 1449 Dictus
377 1426 461 1449 vero
484 1415 649 1460 Pelagius
670 1415 881 1450 Albanensis
911 1417 1105 1460 episcopus,
1128 1423 1164 1451 et
1185 1428 1248 1450 rex
1270 1418 1446 1460 quondam
1476 1418 1794 1451 Iherosolimitanus
1817 1430 1879 1462 per
1901 1420 1978 1452 Me-

139 1470 244 1502 finum
269 1469 334 1502 iter
357 1469 537 1508 habentes,
568 1479 647 1502 cum
671 1476 742 1503 toto
765 1471 921 1503 exercitu
951 1470 1144 1503 Minianum
1176 1477 1358 1509 uenerunt,
1389 1477 1423 1504 et
1445 1472 1529 1504 inde
1561 1472 1667 1504 celeri
1689 1473 1775 1516 fuga
1804 1473 1978 1515 petierunt

142 1522 309 1555 Sanctum
333 1523 556 1556 Germanum.

26 1611 27 1615 Ἰ
229 1575 303 1609 Illis
325 1575 448 1609 diebus
471 1576 627 1609 homines
644 1576 764 1610 Sancti
788 1578 952 1611 Germani
967 1579 1137 1615 timentes,
1155 1589 1199 1611 ne
1215 1578 1351 1622 papalis
1368 1579 1538 1611 exercitus
1561 1584 1620 1611 aut
1642 1579 1813 1622 imperiali
1836 1581 1978 1612 cederet

15 1625 20 1668 ᾗ
75 1627 118 1662 25
142 1635 199 1663 aut
220 1630 332 1663 uictus
354 1630 608 1670 succumberet,
623 1631 900 1674 suppellectilem
915 1642 1011 1664 suam
1037 1638 1071 1665 et
1087 1642 1222 1676 queque
1246 1633 1398 1676 pretiosa
1414 1633 1458 1664 ad
1484 1633 1559 1665 loca
1583 1633 1827 1666 transtulerant
1842 1634 1977 1667 tutiora.

27 1675 29 1681 ¹
140 1683 242 1716 Tunc
264 1693 328 1726 per
350 1683 494 1717 biduum
517 1683 555 1716 in
578 1684 709 1718 Sancto
733 1684 909 1718 Germano
933 1695 1066 1718 moram
1088 1686 1296 1729 protrahens
1318 1685 1454 1728 papalis
1477 1686 1662 1724 exercitus,
1678 1687 1862 1725 frumento,
1886 1687 1978 1726 uino,

140 1742 176 1770 et
203 1737 282 1770 aliis
314 1737 518 1770 necessariis
552 1738 687 1771 munire
717 1749 856 1771 roccam
884 1739 958 1772 Iani
982 1745 1017 1773 et
1046 1739 1236 1773 Casinense
1266 1740 1511 1772 monasterium
1543 1740 1736 1783 cogitabat;
1761 1746 1812 1773 set
1841 1740 1977 1772 accele-

138 1795 234 1823 ratus
255 1800 319 1833 per
342 1791 482 1824 nuntios
512 1790 632 1824 Sancti
662 1791 836 1830 Germani,
869 1793 913 1825 ad
943 1798 1071 1826 terram
1101 1794 1212 1835 ipsam
1242 1799 1408 1836 properat
1438 1793 1643 1836 Imperator;
1669 1803 1814 1837 moxque
1845 1794 1977 1836 papalis

27 1886 30 1892 Α
141 1843 314 1876 exercitus
337 1843 533 1884 dissolutus,
556 1845 602 1877 de
626 1845 756 1878 Sancto
780 1845 954 1879 Germano
971 1846 1102 1885 exiens,
1118 1857 1236 1890 gressu
1258 1852 1403 1890 prepete
1427 1847 1463 1879 in
1487 1846 1712 1889 Campaniam
1737 1853 1787 1879 est
1810 1858 1977 1879 reuersus.

21 1895 25 1903 “
75 1898 118 1930 30
229 1897 275 1931 Et
297 1904 382 1931 tunc
404 1904 515 1931 metus
530 1909 636 1932 causa
658 1899 716 1943 qui
738 1900 776 1932 in
797 1899 923 1933 Casino
938 1901 1058 1933 statuti
1074 1901 1215 1934 fuerant
1237 1907 1272 1934 et
1287 1901 1322 1933 in
1346 1911 1454 1934 rocca
1469 1901 1589 1933 Ianule
1612 1901 1813 1940 seruientes,
1831 1901 1979 1933 dimissis

27 1938 31 1951 ι
141 1951 224 1994 ipsis
245 1951 495 1985 munitionibus
518 1959 745 1986 recesserunt.
791 1951 853 1986 Set
875 1954 911 1986 in
933 1954 1062 1987 Casino
1093 1964 1130 1987 se
1154 1954 1328 1997 recipiens
1350 1953 1560 1987 Albanensis
1582 1954 1764 1997 episcopus
1795 1954 1910 1987 redire
1935 1955 1980 1987 ad

141 2006 387 2039 monasterium
410 2005 539 2039 milites
562 2011 597 2039 et
619 2006 812 2040 seruientes
834 2007 963 2051 coegit.

229 2058 332 2092 Tunc
356 2070 435 2092 cum
459 2059 536 2102 ipso
558 2059 676 2103 legato
707 2059 837 2103 Aquini
859 2067 895 2094 et
924 2059 1066 2104 Aliphie
1089 2061 1247 2106 episcopi
1272 2062 1506 2094 ascenderunt
1536 2061 1709 2099 Casinum,
1733 2067 1768 2094 et
1789 2061 1825 2094 in
1848 2061 1976 2094 Sancto

18 2151 23 2160 ·.
142 2111 316 2146 Germano
339 2123 404 2155 per
426 2113 537 2155 ipsum
560 2113 711 2157 legatum
733 2114 944 2157 prohibitum
967 2121 1019 2147 est
1041 2114 1221 2148 celebrare
1250 2115 1380 2148 diuina.
1426 2115 1545 2148 Ceteri
1567 2125 1651 2148 uero
1674 2115 1797 2158 prelati
1822 2115 1880 2158 qui
1905 2125 1978 2147 ces-

30 2174 34 2187 ³
77 2164 118 2198 35
142 2171 256 2198 serant
278 2165 315 2198 in
338 2171 471 2208 partem
497 2166 656 2206 ecclesie,
679 2167 828 2200 Romam
850 2177 887 2199 se
909 2168 1143 2201 contulerunt.

233 2282 275 2309 25.
294 2278 505 2303 transtulerunt
524 2277 600 2304 Uen.
620 2287 633 2304 e
651 2279 714 2305 Dm.
732 2279 777 2304 R:
796 2293 828 2298 ——
848 2287 891 2314 ²7·
910 2281 1078 2314 cogitabant
1096 2281 1172 2306 Uen.
1191 2290 1204 2306 ε
1223 2282 1287 2307 Dar.
1305 2281 1349 2307 Ra
1375 2295 1407 2299 —
1432 2289 1524 2315 33-34.
1549 2282 1584 2307 da
1611 2282 1640 2306 in
1666 2281 1770 2306 Sancto
1796 2280 1938 2306 Germano
1964 2289 1980 2305 a

145 2320 247 2345 dlvlna
269 2320 332 2345 Cod.
351 2329 396 2346 con
415 2321 542 2346 rr'cbiamo
559 2322 653 2347 scritto
672 2323 717 2347 nel
735 2323 860 2355 margine
879 2323 910 2347 di
926 2323 1038 2349 sinistra

230 2421 239 2439 ί
261 2422 274 2436 ‘⁴
285 2423 423 2456 Magister
441 2422 586 2449 Roffrldus
598 2425 720 2459 archipr.
733 2425 760 2450 S.
774 2426 910 2452 Germani
923 2445 936 2459 η
951 2426 1031 2451 firma
1086 2428 1199 2452 ritorno
1219 2429 1248 2452 ln
1263 2434 1313 2452 suo
1327 2429 1426 2460 potere
1438 2427 1513 2451 delle
1526 2424 1597 2452 cltta
1611 2426 1640 2451 di
1655 2426 1759 2451 Amnlfi
1773 2434 1787 2451 e
1800 2426 1830 2450 dl
1843 2425 1869 2450 S.
1884 2426 1979 2459 Agata

142 2466 172 2490 ln
193 2465 255 2490 doc.
268 2466 369 2491 dell’rt
385 2466 419 2496 V.
436 2467 569 2500 1229301'.
581 2466 701 2498 Monta,
715 2469 779 2493 Cod.
793 2469 860 2500 dipl.
877 2468 1030 2502 cajetanus.
1085 2471 1130 2495 del
1152 2469 1238 2500 Goti:
1256 2471 1292 2496 cs.
1312 2469 1506 2499 Ronsussac,
1524 2469 1547 2499 1,
1565 2476 1632 2502 3333
1653 2469 1789 2498 Bonum,
1811 2474 1885 2501 1799.

98 2512 113 2539 ς
142 2507 200 2538 cit„
211 2507 246 2537 11,
257 2507 321 2533 doc.
335 2515 402 2541 390³
418 2509 539 2542 Regesto
549 2509 579 2534 di
587 2508 740 2535 ΤοκΜΑεο
753 2511 873 2542 Decano,
886 2511 943 2541 cit„
954 2519 980 2544 p.
991 2511 1034 2543 64.
1175 2509 1186 2527 ⁴
1205 2511 1347 2536 Carinola
1366 2518 1465 2544 presso
1485 2510 1594 2543 Capua.

230 2549 294 2575 Con
315 2551 450 2581 Bonnam,
471 2559 498 2576 n.
520 2550 586 2585 1763
598 2560 623 2581 a,
642 2551 700 2585 puo
719 2554 881 2586 assegnnrst
901 2554 968 2579 all'8
986 2553 1033 2586 IX,
1176 2552 1187 2568 ⁶
1209 2553 1266 2578 “Se
1285 2552 1332 2578 cio
1354 2555 1429 2578 fosse
1450 2555 1526 2578 stato
1546 2553 1620 2577 fatto
1640 2553 1675 2577 da
1694 2552 1812 2584 qualche
1834 2551 1981 2575 funziona-

147 2597 223 2624 ¹²²9·
1092 2596 1104 2609 “
1116 2597 1159 2620 rio
1179 2596 1338 2629 imper1a1e‚
1357 2597 1402 2620 chi
1423 2603 1453 2620 sa
1472 2596 1577 2628 quante
1596 2594 1679 2627 grlda
1698 2594 1728 2618 dl
1747 2594 1923 2618 esecrazlone
1938 2599 1981 2617 sa-

228 2633 239 2651 ¹
258 2634 291 2660 R.
312 2637 360 2668 qul
382 2634 397 2661 ὲ
415 2636 551 2662 inesatto.
588 2637 678 2662 Paolo
698 2638 728 2662 dl
747 2637 890 2671 Logoteta
909 2647 968 2664 non
988 2647 1035 2664 era
1090 2638 1230 2663 “rebbero
1250 2640 1378 2663 risonate
1398 2638 1473 2663 nella
1487 2636 1652 2662 cristianita
1663 2654 1686 2668 η,
1701 2638 1861 2660 commenta
1873 2636 1982 2668 giusta·

141 2677 317 2709 giustizlere‚
337 2685 381 2703 ma
398 2678 499 2703 balulo
518 2678 564 2704 del
584 2678 686 2704 Casale
708 2679 737 2704 dl
763 2680 790 2706 S.
819 2681 931 2710 Severo,
958 2688 1037 2706 come
1090 2683 1184 2706 mente
1204 2681 1226 2706 il
1245 2681 1403 2711 Paosuccr,
1423 2681 1465 2705 La
1480 2681 1574 2711 prima
1593 2681 1661 2704 latta
1680 2679 1710 2703 di
1727 2679 1857 2703 Federico
1885 2679 1921 2702 II
1942 2679 1984 2702 col

84 2727 116 2745 ιο
143 2719 310 2753 s'apprende
329 2720 364 2744 da
383 2727 422 2744 un
442 2720 578 2746 mandato
597 2721 675 2746 deuo
690 2723 779 2747 stesso
794 2723 965 2755 imperatore
979 2723 1035 2747 del·
1091 2725 1205 2756 Papato,
1222 2724 1278 2755 clt.,
1293 2732 1320 2756 p.
1334 2729 1376 2756 37.
1407 2721 1461 2747 Pili
1474 2724 1559 2751 tardi,
1576 2729 1652 2754 1²4¹·
1666 2721 1801 2746 Federico
1814 2720 1840 2745 11
1855 2728 1888 2744 ne
1902 2718 1981 2752 segul

142 2761 216 2786 l'ott.
240 2761 323 2795 1238:
344 2762 471 2787 “Canale
495 2763 524 2788 S.
547 2765 643 2790 Severi
670 2772 720 2798 per
746 2766 884 2790 iudicium
910 2766 967 2790 fult
992 2766 1037 2790 de·
1091 2766 1246 2799 l’esemplo,
1266 2766 1427 2792 ordtnando
1451 2766 1478 2790 ai
1505 2766 1567 2789 suoi
1596 2765 1758 2789 sunzlonnri
1784 2764 1814 2788 di
1838 2765 1945 2796 esigere
1967 2770 1982 2787 e

144 2804 315 2834 astructum.
335 2806 403 2838 quia
422 2805 552 2832 homines
571 2807 653 2832 llllus
673 2807 730 2832 loci
750 2809 877 2840 tempore
891 2809 1037 2840 perturba·
1091 2808 1266 2840 raccogltere
1285 2810 1392 2840 quanto
1412 2809 1524 2832 restava
1543 2806 1587 2830 del
1614 2808 1708 2830 tesoro
1728 2806 1802 2830 delle
1822 2805 1914 2830 chiese
1934 2813 1982 2838 per

144 2847 271 2876 “tlonis.
290 2848 462 2874 occiderunt
479 2849 600 2875 Paulum
620 2850 654 2875 de
668 2850 830 2883 Logotheta
844 2851 972 2876 baiulum
987 2853 1037 2875 im·
1091 2852 1166 2875 tutta
1180 2850 1208 2874 la
1221 2850 1338 2877 Sicilia:
1359 2849 1394 2874 cs.
1415 2849 1502 2877 lnam.
1522 2849 1565 2873 La
1581 2848 1745 2880 giom'nezza
1764 2848 1794 2872 di
1806 2848 1936 2877 Federico
1952 2848 1988 2871 Il

145 2889 159 2904 “
171 2891 314 2922 paratoria
341 2892 370 2915 et
398 2893 524 2916 armenta
552 2892 716 2924 imperialia
745 2893 930 2925 diripuerunt
941 2902 973 2925 „3
1002 2894 1038 2918 cf.
1091 2893 1121 2917 di
1140 2892 1244 2916 Svevia
1264 2900 1278 2916 c
1296 2892 1308 2915 i
1320 2891 1464 2922 prodromi
1482 2891 1555 2915 della
1574 2898 1621 2915 sua
1642 2891 1709 2915 loeta
1728 2891 1771 2914 col
1789 2890 1905 2922 Papato,
1925 2890 1983 2919 cit„

84 2936 114 2963 ¹5
142 2932 487 2966 Humum-Batauum,
508 2934 542 2964 V,
562 2941 589 2968 p.
610 2941 669 2967 ²⁵²·
1091 2942 1118 2968 p.
1138 2942 1181 2967 45,
1201 2934 1262 2958 doc.
1283 2933 1319 2958 X.

230 2972 242 2990 ⁸
260 2975 301 2999 La
321 2975 431 3000 notizia
448 2974 463 3000 e
487 2977 668 3002 confermata
695 2977 774 3002 dalla
801 2977 1039 3002 comunteazione
1180 2974 1191 2991 ⁶
1212 2975 1329 3001 Caleno.

143 3016 216 3041 satta
235 3016 478 3050 dall’imperatore
497 3026 551 3043 con
571 3026 621 3044 sua
642 3019 742 3044 lettera
761 3019 807 3043 del
827 3019 896 3051 lugl.
914 3024 981 3051 ¹²30
994 3018 1039 3043 del
1179 3016 1190 3034 ⁷
1210 3017 1375 3043 Monastero
1395 3017 1587 3043 cisterciense
1605 3023 1702 3049 presso
1724 3016 1832 3042 Teano.

275 3133 310 3159 T.
328 3133 389 3164 vu.
407 3142 434 3167 p.
453 3140 478 3159 ιι
498 3148 531 3152 -
554 3141 594 3159 ιι.

2002 231 2078 255 Mun„
2094 236 2114 251 c.
2133 236 2183 256 ¹⁰14

1996 565 2115 585 Adventus
2143 565 2211 589 Impe-

2020 592 2108 611 ratoris
2122 592 2153 612 ad
2169 592 2211 612 Ca-

2020 619 2099 642 puam.

2064 1117 2085 1133 c.
2099 1117 2148 1136 ην

2019 1217 2099 1242 captio
2116 1218 2190 1241 Calui.

2007 2516 2042 2534 20

2009 2729 2042 2755 ²5

2010 2939 2045 2964 30
