2320 3444
833 236 1174 275 PREFAZIONE
1775 239 1925 276 XLVII

105 314 1918 325 ................................................................................................................................................................................................

16 375 62 414 ’ἒξ-ζ
77 372 174 407 dines
196 371 368 415 presentis
391 370 569 415 priuilegii
590 369 721 414 pagina
743 369 985 403 confirmamus
1008 369 1152 412 pariter,
1170 375 1204 402 et
1220 370 1467 412 premunimus.
1518 370 1598 410 Quo
1616 371 1712 404 circa
1726 372 1790 405 tibi
1814 373 1924 405 frater

16 423 63 462 ’ἦξζ
80 425 210 460 Iacobe
231 425 339 468 ipsius
361 425 512 457 ecclesie
535 423 643 457 abbas
665 429 701 456 et
723 428 851 463 rector,
874 422 1010 465 tuisque
1033 423 1297 456 successoribus
1321 430 1355 457 et
1378 424 1542 457 fratribus
1565 431 1679 458 tecum
1710 424 1921 458 morantibus

55 487 57 489 ·
76 477 121 512 de
144 477 290 511 fratrum
312 483 507 510 nostrorum
521 487 702 519 consensu,
718 475 899 509 nobiscum
913 475 1066 508 habendi
1082 476 1285 519 magistrum
1302 475 1583 510 Bartholomeum
1599 478 1751 511 iudicem
1768 484 1803 511 et
1818 479 1925 511 aduo-

46 526 61 535 ⁴
82 537 197 566 catum
219 531 447 564 Casinensem
469 531 514 563 ad
537 530 648 562 instar
670 529 956 573 predecessorum
980 534 1174 561 nostrorum
1198 529 1287 562 bone
1311 531 1474 564 memorie
1498 532 1665 565 Rainaldi
1689 532 1870 565 Theodini
1893 538 1928 565 et

47 581 173 619 'Petri
197 584 440 618 casinensium
463 584 637 622 abbatum,
662 594 725 626 per
736 583 806 616 hoc
820 583 989 624 scriptum
1005 582 1257 622 confirmamus,
1273 590 1310 616 ut
1333 585 1622 627 quemadmodum
1647 587 1757 619 nostri
1779 587 1927 619 maiores

65 637 167 672 :mira
190 638 374 671 sanctitate
396 637 545 680 predicti
569 636 730 669 habuisse
754 641 953 675 noscuntur,
976 635 1026 668 sic
1051 641 1087 668 et
1109 647 1172 669 uos
1194 636 1339 670 liberam
1363 637 1518 671 habeatis
1541 645 1746 681 potestatem
1770 639 1926 683 eligendi

52 680 67 709 5
77 691 179 725 uobis
202 691 375 729 abbatem,
398 690 576 734 uestrique
609 690 698 728 loco,
728 689 833 722 totius
862 694 980 722 uestre
1012 690 1293 733 congregationis
1323 692 1470 724 consilio
1500 692 1706 725 unanimiter
1737 693 1926 726 ordinandi

47 735 59 780 ,³
78 755 180 789 quem
205 745 371 788 profecto
394 745 499 777 talem
522 744 599 776 tore
622 752 768 775 necesse
792 747 855 780 est,
877 742 1016 787 qualem
1041 743 1086 775 ad
1110 743 1309 777 huiusmodi
1335 745 1484 777 officium
1507 746 1763 789 lucrandasque
1795 747 1926 779 animas

54 797 63 813 ⁴'
75 798 255 831 meliorem
277 798 370 830 inter
392 808 454 830 uos
476 796 605 830 habere
630 796 797 839 poteritis.
843 795 921 829 Nec
938 795 1029 829 ullus
1043 796 1093 829 ibi
1109 796 1262 839 qualibet
1276 799 1503 840 surreptionis
1521 799 1654 838 astutia,
1671 811 1733 832 seu
1756 800 1923 832 uiolentia

60 864 63 867 ’
76 857 293 895 proponatur
308 851 375 883 nisi
391 861 495 894 quem
510 851 638 884 fratres
652 850 726 883 illic
743 850 923 893 degentes,
938 850 996 882 uel
1011 850 1156 882 fratrum
1173 861 1255 893 pars
1271 852 1407 884 consilii
1423 853 1570 886 sanioris
1586 853 1775 886 secundum
1801 854 1923 894 Deum,

44 902 50 944 ’,’
77 910 112 938 et
133 905 227 938 beati
252 904 433 938 Benedicti
455 904 611 948 reg-ulam
634 903 853 947 prouiderint
875 902 1084 947 eligendum.
1132 903 1241 937 Porro
1258 905 1441 937 ecclesiam
1458 907 1567 938 sancti
1583 906 1726 940 Martini
1738 908 1782 940 de
1805 908 1927 940 Monte

46 971 50 974 ’
81 958 250 992 Montano
274 969 353 991 cum
370 957 530 990 omnibus
545 957 764 1000 pertinentiis
779 956 850 989 suis
866 962 902 989 et
915 956 1096 988 uniuersas
1110 958 1359 1000 possessiones,
1377 969 1463 1001 quas
1477 960 1533 991 uel
1557 971 1578 992 a
1600 960 1701 993 nobis
1716 961 1774 993 uel
1789 960 1833 993 ab
1849 960 1926 993 aliis

76 1011 286 1056 ubicumque
308 1011 433 1045 tenetis
456 1017 491 1044 et
513 1011 701 1044 ecclesiam
724 1010 836 1043 sancti
858 1009 1037 1043 Leonardi
1059 1010 1159 1043 sitam
1181 1011 1278 1044 iuxta
1307 1018 1460 1044 montem
1491 1018 1561 1045 tam
1585 1013 1748 1046 buculum
1779 1015 1814 1046 in
1836 1015 1927 1053 loco,

40 1067 52 1095 2
78 1066 139 1110 qui
161 1064 291 1099 dicitur
313 1063 427 1097 Uallis
447 1064 544 1108 putei
567 1075 646 1097 cum
669 1064 738 1097 suis
761 1063 980 1106 pertinentiis
994 1069 1030 1096 et
1052 1063 1161 1096 bonas
1184 1074 1304 1097 omnes
1327 1064 1415 1097 sicut
1438 1075 1542 1108 supra
1565 1067 1756 1100 taxauimus
1779 1077 1927 1100 consue-

41 1123 60 1145 ὲ·
85 1119 234 1152 tudines.
280 1117 356 1151 Nec
379 1128 448 1151 non
473 1123 508 1151 et
530 1117 697 1150 iustitiam
721 1117 822 1161 panis
845 1122 879 1150 et
901 1117 975 1149 uini
997 1117 1088 1150 sicut
1112 1128 1187 1150 eam
1210 1129 1230 1150 a
1246 1117 1459 1151 Monasterio
1476 1119 1660 1152 Casinensi
1685 1127 1719 1153 et
1743 1121 1786 1153 ab
1809 1122 1923 1154 eccle-

16 1203 18 1209 ,
38 1175 51 1193 ¹
77 1171 128 1205 sia
150 1171 280 1205 Sancte
303 1171 417 1204 Marie
441 1171 486 1204 de
509 1171 686 1204 Albaneta
708 1177 743 1204 et
765 1170 877 1203 sancti
901 1170 1041 1203 Nicolai
1065 1171 1109 1203 de
1132 1169 1281 1204 Ciconia
1295 1171 1452 1214 recipere
1469 1173 1699 1206 consueuistis
1722 1175 1819 1207 iuxta
1841 1186 1924 1217 pre—

14 1224 15 1227 ’
48 1217 52 1234 '¹
78 1225 303 1260 decessorum
326 1230 521 1258 nostrorum
544 1224 774 1258 concessione
790 1224 945 1268 benigna
967 1223 1067 1257 uobis
1091 1223 1296 1257 liberalitate
1320 1225 1542 1269 indulgemus
1573 1227 1742 1269 plenarie,
1774 1234 1808 1260 et
1839 1238 1922 1261 con-

77 1279 260 1312 firmamus.
307 1277 380 1312 Sed
404 1284 439 1311 et
461 1278 663 1311 terraticum
684 1277 780 1321 quod
803 1288 847 1310 ex
869 1277 970 1310 terris
993 1277 1117 1311 uestris
1139 1276 1320 1311 Casinensi
1351 1279 1566 1312 Monasterio
1589 1282 1774 1323 prouenire
1807 1281 1924 1320 debet,

51 1335 58 1354 θ
78 1333 229 1367 omnimo
251 1332 351 1365 uobis
374 1331 590 1370 remittimus,
614 1338 649 1365 et
669 1337 793 1370 terras,
816 1341 902 1374 quas
925 1331 1060 1364 habetis
1085 1331 1130 1364 ad
1152 1342 1299 1374 presens
1322 1338 1356 1365 et
1378 1333 1574 1375 possidetis,
1598 1341 1634 1366 et
1649 1335 1743 1377 quod
1765 1341 1802 1368 tu
1818 1336 1928 1368 frater

38 1395 51 1430 ¹!
81 1386 220 1425 Iacobe,
242 1386 298 1419 uel
321 1387 370 1418 tui
391 1396 613 1419 successores
635 1386 671 1418 in
696 1391 797 1418 antea
819 1385 975 1428 poteritis
998 1386 1191 1429 acquirere,
1207 1386 1283 1428 pari
1300 1386 1508 1420 liberalitate
1531 1388 1757 1421 concedimus
1785 1395 1820 1422 et
1844 1400 1927 1422 con-

14 1446 18 1483 ᾗ
78 1439 261 1474 firmamus.
306 1438 542 1472 Concedimus
564 1439 668 1472 etiam
684 1445 719 1471 et
743 1440 988 1472 confirmamus
1002 1439 1102 1472 uobis
1118 1440 1288 1480 homines,
1304 1450 1391 1483 quos
1406 1441 1443 1472 in
1461 1441 1606 1475 castello
1622 1441 1742 1475 Sancti
1768 1442 1922 1475 Uictoris

81 1493 227 1532 habetis,
242 1493 302 1527 ubi
318 1493 512 1538 Rogerium
526 1492 634 1526 filium
649 1493 826 1536 quondam
843 1492 975 1525 Simoni
990 1492 1208 1532 subdiaconi,
1225 1493 1468 1538 presbyterum
1485 1495 1674 1527 Iohannem
1692 1496 1797 1528 filium
1813 1496 1923 1535 Luce,

16 1548 34 1586 ,¹
54 1551 55 1554 ’
78 1547 270 1581 Iohannem
293 1546 399 1586 Mele‚
424 1547 573 1580 heredes
596 1546 737 1580 Girardi
759 1546 877 1579 fratris
899 1546 984 1584 eius,
1007 1546 1156 1579 heredes
1172 1546 1354 1580 Benedicti
1372 1548 1417 1581 de
1434 1547 1597 1587 Girardo,
1614 1549 1807 1582 coheredes
1824 1550 1927 1582 Boni-

16 1602 59 1641 Γ,
80 1599 238 1634 hominis.
282 1601 369 1634 Item
392 1601 429 1632 in
451 1599 536 1633 uilla
558 1599 670 1634 Caree
693 1600 844 1633 heredes
866 1599 1062 1644 Augustini,
1085 1606 1120 1633 et
1136 1610 1256 1634 omnes
1271 1610 1357 1644 quos
1372 1600 1582 1645 ubicumque
1598 1603 1736 1635 habetis
1759 1603 1926 1636 homines.

10 1646 24 1686 ῑῑῘ
44 1649 52 1678 ἶ
81 1653 278 1688 Statuentes
300 1661 338 1687 ut
361 1653 456 1687 nullo
479 1653 584 1687 modo
609 1653 891 1697 constringantur
914 1659 972 1687 aut
994 1653 1205 1694 iudicentur,
1220 1654 1287 1687 nisi
1312 1661 1391 1688 ante
1407 1661 1512 1695 tuam,
1537 1656 1597 1699 qui
1613 1666 1718 1698 supra
1742 1657 1849 1690 abbas
1872 1658 1930 1689 uel

54 1713 61 1738 ῑἸ
79 1705 216 1742 tuorum
239 1718 491 1747 successorum,
507 1717 569 1741 seu
591 1717 709 1741 coram
733 1706 834 1741 nobis
856 1707 913 1740 uel
937 1707 1196 1741 successoribus
1219 1708 1354 1747 nostris,
1378 1709 1408 1741 si
1431 1715 1547 1742 tamen
1574 1716 1611 1743 tu
1633 1710 1691 1742 uel
1707 1721 1928 1744 successores

15 1764 17 1766 ’
48 1763 64 1785 V
80 1761 130 1795 tui
153 1761 445 1805 conquerentibus
469 1761 513 1794 de
536 1761 623 1804 ipsis
645 1761 867 1805 neglexeritis
882 1761 1038 1805 requisiti
1053 1762 1173 1794 facere
1189 1762 1372 1795 rationem.
1396 1762 1540 1796 Sublata
1556 1765 1646 1796 omni
1663 1770 1836 1807 potestate
1860 1771 1930 1797 tam

10 1854 15 1863 ι
50 1839 61 1846 .
81 1815 269 1858 prepositis
301 1815 428 1848 nostris
458 1825 562 1858 quam
592 1813 774 1851 iudicibus,
804 1815 860 1847 uel
891 1815 1104 1858 quibuslibet
1133 1815 1302 1848 ordinatis
1331 1816 1517 1849 iamdictos
1547 1817 1704 1850 homines
1745 1824 1779 1850 et
1810 1829 1929 1851 eorum

8 1883 13 1908 ;
50 1867 61 1894 ‘'-
83 1867 233 1902 hei-edes
245 1868 485 1912 distringendi,
497 1868 685 1907 iudicandi,
696 1868 753 1901 uel
777 1868 845 1901 alio
861 1868 1018 1911 quolibet
1033 1869 1138 1901 modo
1154 1869 1317 1908 uexandi,
1330 1869 1392 1902 seb
1409 1871 1502 1903 omni
1518 1871 1762 1904 monasterium
1780 1877 1930 1904 uestrum

8 1918 12 1955 ἶ
83 1925 241 1965 tempore
263 1923 308 1955 de
323 1922 407 1965 ipsis
423 1928 458 1955 et
471 1921 663 1955 heredibus
677 1932 797 1955 eorum
812 1921 939 1955 habeat
954 1922 1216 1962 districtionem,
1233 1929 1268 1956 et
1282 1929 1320 1956 ut
1336 1923 1386 1957 ita
1401 1924 1591 1967 uulgariter
1615 1924 1763 1958 diximus
1785 1925 1932 1958 iudicia-

8 1967 11 1975 '
54 1986 57 1994 ¹
82 1974 180 2018 riam,
202 1981 239 2008 et
260 1975 426 2018 redditus,
450 1986 537 2020 quos
558 1976 676 2009 facere
700 1975 842 2014 debent,
865 1982 902 2009 et
922 1977 1065 2009 seruitia
1088 1976 1282 2010 libertatem
1306 1983 1433 2016 autem,
1447 1989 1549 2021 quam
1573 1979 1751 2017 hactenus,
1767 1991 1787 2011 a
1811 1985 1929 2012 nostro

8 2035 29 2074 ἕξ·
43 2029 55 2075 3,
84 2029 293 2062 monasterio
317 2029 486 2063 habuistis
508 2035 578 2062 tam
600 2029 758 2072 plenaria
779 2029 882 2063 uobis
905 2029 1136 2075 indulgemus,
1153 2036 1191 2063 ut
1214 2041 1329 2074 neque
1345 2042 1420 2071 uos,
1436 2043 1550 2076 neque
1568 2043 1609 2065 ea
1627 2043 1695 2075 que
1723 2033 1809 2065 iuris
1823 2034 1932 2066 uestri

84 2089 164 2116 sunt
187 2083 370 2116 exactione
393 2083 508 2127 aliqua
529 2083 686 2117 indebita
708 2094 752 2117 ex
773 2083 893 2117 debito
916 2084 1111 2128 fatigemini
1134 2085 1230 2118 saluo
1254 2085 1330 2118 iure
1354 2091 1390 2118 et
1406 2087 1605 2119 reuerentia
1632 2087 1829 2120 Casinensis
1853 2098 1927 2120 mo-

12 2146 16 2169 ῑ
83 2135 235 2170 nasterii.
279 2135 317 2169 Si
339 2137 417 2180 quis
438 2146 524 2170 uero
547 2137 649 2170 huius
672 2142 787 2170 nostre
811 2138 1084 2171 confirmationis
1107 2145 1143 2171 et
1157 2139 1396 2172 concessionis
1419 2145 1550 2172 cartam
1567 2140 1778 2183 dirumpere,
1801 2141 1859 2173 uel
1875 2151 1931 2173 re-

13 2225 14 2228 *
85 2199 226 2222 mouere
249 2190 448 2229 tentauerit,
471 2190 623 2224 districti
645 2190 772 2223 indicis
793 2190 933 2224 ultionis
963 2191 1151 2225 subiaceat.
1198 2192 1247 2225 Ut
1277 2198 1392 2225 autem
1425 2205 1445 2226 a
1474 2194 1574 2227 nobis
1604 2201 1639 2227 et
1670 2194 1930 2227 successoribus

85 2243 211 2276 nostris
233 2244 352 2276 omnia
374 2253 443 2288 que
465 2244 659 2288 prescripta
680 2249 761 2277 sunt
782 2244 844 2278 tibi
867 2244 927 2289 qui
950 2256 1055 2288 supra
1078 2246 1184 2279 Iacob
1215 2245 1323 2279 abbas
1350 2252 1384 2279 et
1413 2247 1481 2280 tuis
1511 2247 1768 2281 successoribus
1798 2248 1930 2281 illibata

22 2305 24 2314 ³
50 2319 53 2331 ,η
85 2305 222 2340 semper
243 2302 278 2330 et
300 2297 507 2330 inconcussa
528 2303 718 2336 seruentur,
730 2304 927 2341 preentem
950 2299 1125 2343 priuilegii
1141 2300 1249 2333 nostri
1265 2300 1429 2345 paginam
1445 2312 1550 2333 manu
1565 2302 1735 2335 Riccardi
1751 2301 1932 2334 Dioecesis

7 2360 23 2397 ·}
86 2349 284 2384 Casinensis
305 2356 341 2384 et
361 2350 510 2384 civitatis
531 2350 652 2385 Sancti
674 2351 840 2385 Germani
862 2351 996 2395 publici
1019 2353 1148 2386 notarii
1172 2354 1278 2387 scribi
1301 2354 1460 2393 fecimus,
1485 2361 1520 2388 et
1541 2365 1662 2387 manus
1685 2355 1826 2398 proprie
1849 2355 1930 2388 sub—

51 2405 66 2442 ἶ
86 2401 274 2446 scriptione
296 2403 547 2443 robor-animus,
570 2409 605 2437 et
627 2404 734 2449 sigilli
756 2405 865 2439 nostri
887 2405 1047 2439 iussimus
1070 2406 1299 2449 impressione
1316 2408 1455 2441 muniri.
1500 2407 1630 2441 Actum
1645 2408 1680 2441 in
1697 2408 1818 2441 eadem
1842 2408 1930 2441 ciui-

89 2460 159 2490 tate
187 2456 223 2490 S.
248 2457 425 2490 Germani.

67 2543 70 2551 ,
177 2509 218 2553 ffi
241 2509 318 2554 Ego
342 2510 401 2553 qui
423 2521 528 2553 supra
550 2511 739 2546 Rofiridus
762 2512 961 2546 Casinensis
983 2513 1103 2547 abbas.
1129 2514 1169 2557 ὦ
1195 2514 1271 2558 Ego
1294 2515 1406 2548 trater
1429 2515 1629 2548 Adenulfus
1653 2515 1853 2549 Casinensis
1870 2516 1930 2548 de-

20 2566 22 2571 ’
52 2562 70 2585 '¹
90 2572 207 2597 canus.
231 2563 271 2607 Β
296 2564 372 2608 Ego
397 2564 508 2598 frater
530 2565 654 2599 Petrus
675 2566 874 2600 Casinensis
898 2568 1117 2601 camerarius.
1154 2568 1195 2611 ἦ(
1221 2569 1296 2612 Ego
1320 2569 1432 2601 frater
1447 2569 1645 2602 Riccardus
1668 2568 1846 2601 Amabilis.
1888 2568 1928 2610 ὦ

8 2614 26 2665 ss,
42 2601 68 2669 J
87 2615 164 2661 Ego
187 2617 300 2650 frater
321 2617 499 2661 Rogerius
522 2617 691 2652 diaconus
714 2626 749 2652 et
771 2621 970 2653 monachus.
1010 2620 1051 2664 ᾖ
1069 2622 1146 2665 Ego
1162 2622 1270 2654 frater
1293 2622 1471 2665 Pampilus
1493 2623 1663 2655 diaconus
1679 2628 1713 2654 et
1729 2622 1929 2654 monachus.

58 2669 132 2712 »E
148 2669 223 2714 Ego
241 2670 344 2704 frater
360 2671 508 2704 Basilius
523 2672 690 2705 diaconus
706 2679 742 2706 et
756 2674 956 2707 monachus.
990 2674 1030 2716 ᾖ
1048 2675 1123 2718 Ego
1140 2676 1249 2708 irater
1263 2674 1426 2708 Matheus
1442 2678 1642 2709 monachus.
1673 2675 1712 2717 ᾖ
1730 2675 1806 2717 Ego
1823 2675 1933 2707 frater

93 2721 261 2756 Beraldus
284 2723 483 2757 Casinensis
505 2725 759 2767 hospitalarius.
783 2726 824 2769 >E
847 2727 924 2771 Ego
947 2728 1057 2760 frater
1079 2728 1165 2761 Leo.
1190 2728 1230 2770 ΡΒ
1248 2728 1323 2773 Ego
1340 2729 1449 2761 frater
1464 2729 1692 2770 Landulphus
1708 2729 1875 2761 diaconus
1898 2735 1933 2761 et

4 2770 58 2822 *st
54 2776 289 2810 monachus.
316 2777 356 2820 ὦ
381 2777 456 2821 Ego
479 2778 590 2812 frater
611 2777 843 2822 Adenulphus
866 2780 1032 2814 diaconus
1055 2787 1091 2814 et
1113 2781 1314 2815 monachus.
1350 2781 1389 2823 ᾖ
1407 2782 1482 2825 Ego
1499 2782 1609 2814 frater
1625 2781 1798 2814 Iohannes
1815 2782 1932 2814 Bonus

92 2830 256 2864 sacerdos
278 2837 314 2864 et
337 2831 537 2864 monachus.
578 2832 618 2874 ᾗ
643 2832 718 2877 Ego
742 2833 853 2866 frater
876 2834 1067 2878 Malgerius
1089 2836 1258 2868 sacerdos
1281 2841 1315 2869 et
1337 2835 1538 2868 monachus.

54 2876 57 2892 ¹
179 2882 296 2917 Locus
319 2884 360 2927 ὦ
375 2884 480 2928 sigilli
505 2903 547 2909 --
571 2896 592 2918 a
614 2896 731 2926 secco,
753 2897 811 2919 ma
833 2888 963 2920 andsto
986 2887 1022 2920 in
1046 2888 1210 2921 frantumi
1225 2888 1246 2922 ¹.

186 3029 194 3047 ¹
213 3031 254 3057 La
272 3039 439 3067 pergamena
458 3034 535 3060 nella
555 3036 636 3068 parte
655 3035 801 3067 inferiore,
819 3035 894 3061 dove
914 3043 986 3062 sono
1041 3037 1066 3062 le
1086 3039 1235 3071 segnature
1255 3038 1299 3062 dei
1321 3038 1443 3067 monaci.
1463 3035 1477 3062 'e
1498 3037 1657 3070 rltagliata.
