2320 3444
86 246 161 271 Mun„
176 252 209 267 cc.
225 251 312 267 iou-12
334 228 403 271 158

85 426 178 447 Obsidio
194 426 294 446 Caiacie.

85 474 213 497 Imperator
232 473 255 492 in
270 473 300 492 A-

106 500 193 524 pulsum
204 500 300 525 rediens,

109 527 136 546 de
145 527 246 546 aduentu
256 532 297 546 suo

109 554 199 573 litteras
212 554 254 576 per
263 554 297 572 to—

108 582 155 599 lum
193 580 297 604 Regnum

108 606 187 628 mittit,

82 845 169 864 Mimas
185 844 215 863 ad
227 844 295 868 Impe-

82 874 185 892 ratorum
199 871 295 891 uadunt.

81 1119 209 1143 Adquisu'ti0
220 1119 301 1142 Ioppen

83 2181 214 2201 Tractatum
242 2187 292 2201 con-

90 2209 167 2228 cordi:
182 2209 241 2228 inter
251 2209 292 2227 Im-

85 2238 121 2259 per
128 2237 213 2255 alerem
220 2236 242 2254 et
247 2235 294 2255 Sol·-

86 2262 179 2284 danum.

260 2824 291 2841 10

261 3033 290 3059 ¹5

788 231 1062 268 RYCCARDI
1091 233 1162 267 DE
1190 229 1401 268 SANCTO
1431 226 1702 270 GERMANO
2010 235 2050 268 A.
2073 239 2167 275 ηας]

318 367 363 400 ob
386 373 513 400 metum
537 364 766 408 Imperatoris,
791 364 835 396 de
859 374 928 407 quo
953 364 1048 396 fama
1070 370 1143 396 erat
1168 365 1262 407 quod
1282 364 1318 396 in
1343 363 1507 407 Apuliam
1531 365 1738 403 aduenisset,
1761 371 1845 408 aput
1867 366 2044 400 Telesiam
2061 377 2166 410 repe-

318 420 472 457 dauerat‚
497 430 532 451 se
556 418 746 460 coniungit,
770 423 805 450 et
828 417 911 448 inde
934 416 1166 459 progrediens
1189 423 1282 450 totus
1306 417 1490 458 exercitus,
1513 428 1618 460 supra
1641 418 1811 451 Caiatiam
1834 419 1975 453 uadunt.

413 473 459 505 At
481 471 674 513 Imperator
698 471 742 502 de
766 469 856 502 siria
878 471 914 501 in
940 469 1102 512 Apuliam
1125 471 1283 510 ueniens,
1306 476 1390 513 aput
1414 470 1646 504 Brundusium
1669 471 1715 503 ad
1731 472 1980 516 expugnandos
1994 471 2165 506 Lombar-

320 527 441 559 dorum
465 531 500 557 et
523 523 779 565 Campanorum
804 522 944 555 hostiles
969 533 1100 556 cuneos
1122 529 1262 566 gentem
1287 531 1491 568 congregat,
1515 523 1651 557 litteras
1676 525 1719 558 de
1743 524 1843 557 felici
1865 525 2021 559 aduentu
2042 536 2105 559 suo
2126 526 2164 559 in

320 578 476 610 Siciliam
501 583 536 609 et
558 575 756 609 Calabriam
781 576 895 614 mittit,
919 576 1041 608 fideles
1064 586 1142 609 suos
1166 577 1210 609 de
1235 576 1354 619 Capua
1378 578 1535 610 hortatur
1558 583 1592 609 et
1615 578 1745 610 animat
1769 578 1814 610 ad
1838 577 2040 611 fidelitatem
2055 589 2163 618 suam,

321 632 457 664 mittens
482 631 528 662 ad
552 630 687 662 illorum
712 629 878 661 auxilium
903 628 1035 662 dictum
1058 629 1230 662 Thomam
1255 630 1300 663 de
1323 630 1464 674 Aquino
1495 630 1709 664 Acerrarum
1740 632 1915 670 comitem,
1945 637 1981 665 et
2011 633 2162 666 celerem

319 695 520 718 succursum
545 694 642 715 suum
666 682 872 725 promittens
896 682 1028 715 eisdem
1042 682 1064 715 ¹.

406 738 507 769 Tunc
532 736 576 768 ad
607 747 685 768 eum
707 736 805 768 uadit
828 736 898 768 dux
921 736 1078 778 prefatus
1103 746 1181 768 cum
1205 737 1277 769 suis
1299 737 1391 770 liber
1414 738 1535 770 exiens
1558 737 1601 770 de
1627 737 1805 778 Sulmona‚
1827 738 1996 783 Magister
2018 738 2166 772 iustitia-

319 792 399 829 rius,
422 796 456 823 et
478 790 536 822 alii
560 790 619 832 qui
643 789 707 821 sibi
731 789 832 821 fidem
855 795 1083 822 seruauerant
1109 790 1356 833 incorruptam.

405 843 477 875 Illis
500 843 623 875 diebus
645 843 772 875 milites
795 843 952 875 nonnulli
975 843 1103 875 strenui
1128 843 1319 876 Teutonici
1343 844 1388 877 de
1412 844 1514 889 Syria
1536 845 1718 878 uenientes
1741 846 1787 878 ad
1810 850 1948 888 portum
1980 845 2165 879 Brundusii

316 898 574 940 applicuerunt;
599 907 745 939 quorum
770 896 880 928 fretus
904 897 1032 929 auxilio
1055 896 1247 940 Imperator
1270 898 1420 941 qualiter
1444 909 1523 931 cum
1547 899 1597 931 eis
1621 905 1656 931 et
1679 899 1796 942 Regni
1822 898 1984 932 fidelibus
2005 899 2043 932 in
2065 909 2163 932 recu·

315 951 495 993 peratione
520 956 611 983 terre
635 949 836 992 profecerit,
860 949 1027 991 premisso
1050 957 1165 983 tamen
1189 951 1284 994 quod
1306 951 1343 983 in
1367 952 1480 984 Terra
1502 957 1623 984 sancta
1647 952 1758 996 egerit
1787 952 1874 995 ipse,
1906 953 1998 996 quod
2027 951 2164 986 silentio

316 1004 585 1047 pretereundum
610 1013 678 1035 non
703 1009 765 1041 est,
789 1013 938 1045 sequens
961 1003 1066 1036 lectio
1094 1003 1302 1037 declarabit.

405 1058 512 1100 Igitur
536 1068 615 1090 cum
639 1055 754 1088 adhuc
779 1062 869 1088 esset
891 1056 927 1088 in
949 1055 1053 1100 Syria
1074 1058 1276 1100 imperator,
1293 1058 1360 1090 hec
1376 1059 1413 1090 in
1430 1059 1593 1102 Regnum
1611 1059 1655 1092 de
1671 1059 1747 1102 ipso
1763 1059 1858 1092 fama
1873 1059 2052 1102 peruenit:
2067 1058 2164 1102 quod

326 1122 385 1144 xv.
408 1111 606 1144 novembris
636 1111 750 1153 primo
774 1111 934 1152 preteriti
946 1110 967 1152 ¹,
991 1111 1127 1154 Ioppen
1149 1113 1295 1144 ueniens
1322 1123 1401 1145 cum
1433 1113 1699 1145 christianorum
1731 1114 1898 1151 exercitu,
1930 1113 1975 1146 ad
1997 1113 2163 1146 rehedifi-

316 1166 489 1198 cationem
514 1165 617 1197 castri
641 1163 747 1206 ipsius
771 1163 930 1202 intendit,
954 1169 992 1196 ut
1015 1164 1157 1197 facilior
1180 1165 1278 1198 fieret
1300 1167 1335 1198 in
1362 1166 1572 1199 Iherusalem
1596 1176 1788 1208 processus,
1812 1172 1848 1198 et
1864 1166 1945 1199 dum
1962 1165 2163 1208 [exercitus]

316 1230 379 1262 per
402 1226 527 1251 terram
551 1218 748 1250 necessaria
771 1229 849 1250 cum
873 1218 1053 1261 sagmeriis
1076 1219 1284 1252 sufficienter
1306 1220 1442 1252 mittere
1467 1219 1690 1263 nequivisset,
1722 1219 1868 1264 quilibet
1898 1230 1962 1263 pro
1993 1219 2161 1254 facultate
2214 1227 2216 1230 '

316 1284 378 1305 sua
400 1272 524 1304 barcas
546 1272 583 1304 in
606 1277 708 1314 portu
733 1270 963 1304 Acco'nitano
987 1279 1204 1305 onerauerat.
1250 1272 1310 1305 Set
1333 1278 1466 1305 mutato
1489 1284 1571 1305 aere
1597 1279 1630 1306 et
1653 1274 1790 1306 turbato
1814 1274 1913 1312 man',
1937 1278 2035 1306 tanta
2049 1272 2163 1306 subito

316 1331 505 1368 tempestas
527 1324 706 1362 inhorruit,
730 1330 767 1357 ut
789 1324 942 1357 uascella
965 1335 1043 1357 cum
1065 1326 1275 1359 uictualibus
1299 1326 1496 1359 nullatenus
1526 1328 1572 1360 ad
1603 1327 1793 1360 exercitum
1824 1327 1911 1359 ferri
1941 1332 2099 1370 possent3
2126 1333 2162 1359 et

317 1390 395 1412 cum
419 1378 550 1412 Christi
572 1378 746 1411 exercitus
769 1378 804 1409 in
829 1377 936 1410 multa
960 1378 1135 1411 anxietate
1160 1385 1240 1412 tunc
1266 1385 1366 1418 esset,
1391 1380 1467 1412 fere
1492 1390 1592 1413 omne
1617 1380 1799 1413 consilium
1816 1380 1988 1413 exercitus
2009 1380 2077 1413 iam
2100 1379 2162 1413 de.-
2183 1380 2228 1413 20

316 1432 536 1475 sperabiliter
559 1436 823 1470 murmurantes,
855 1431 905 1462 nil
935 1431 1032 1464 aliud
1057 1442 1236 1474 superesse
1268 1433 1450 1473 uidebant,
1481 1444 1584 1476 quam
1615 1434 1651 1465 in
1683 1432 1785 1466 Acon
1815 1433 2042 1466 redeundum.
2088 1432 2163 1471 Qui

316 1487 398 1519 dum
420 1486 457 1518 in
479 1485 539 1518 tali
563 1490 677 1517 essent
700 1484 899 1517 discrimine
922 1485 1038 1527 positi,
1062 1485 1259 1519 misericors
1283 1493 1318 1519 et
1341 1486 1523 1519 miserator
1546 1487 1728 1526 Dominus,
1751 1487 1808 1531 qui
1835 1487 1921 1520 facit
1937 1493 2016 1530 post
2030 1493 2163 1530 tempe-

314 1546 437 1572 statem
460 1538 681 1581 tranquillum
706 1543 740 1570 et
764 1547 874 1580 prope
898 1544 951 1571 est
974 1538 1135 1571 omnibus
1157 1539 1401 1572 inuocantibus
1423 1540 1547 1582 ipsum,
1570 1546 1730 1573 serenato
1746 1551 1828 1573 mox
1844 1550 1936 1579 aere,
1952 1551 2047 1573 mare
2061 1539 2163 1574 tumi-

317 1595 398 1626 dum
421 1593 572 1635 pacauit,
597 1598 763 1634 tantaque
789 1592 928 1624 nauium
953 1597 987 1624 et
1010 1592 1193 1625 barcarum
1217 1593 1401 1626 multitudo
1425 1594 1521 1626 uenit
1544 1594 1691 1637 Ioppen,
1707 1600 1746 1627 ut
1762 1595 1873 1627 omnis
1889 1594 2051 1628 defectus
2066 1594 2163 1637 prius

314 1647 450 1679 habitus
473 1647 508 1678 in
526 1645 776 1688 plenitudinem
793 1645 946 1677 omnium
962 1646 1248 1685 necessariorum,
1266 1653 1301 1679 et
1316 1647 1590 1680 habundantiam
1608 1653 1807 1681 mutaretur.
1854 1647 1910 1681 Ab
1927 1647 1986 1680 illo
2002 1653 2160 1690 tempore
2185 1645 2227 1679 2³

314 1700 459 1733 ulterius
481 1705 610 1732 tantam
634 1699 720 1732 fecit
744 1699 837 1731 Deus
860 1699 951 1731 aeris
975 1700 1193 1742 temperiem,
1214 1706 1252 1733 ut
1274 1700 1520 1733 indifferenter
1551 1707 1585 1734 et
1616 1711 1742 1745 magna
1773 1707 1807 1735 et
1837 1701 1979 1734 minima
2008 1700 2162 1734 uascessa

314 1755 405 1786 irent
429 1759 463 1786 et
486 1752 639 1785 redirent
662 1763 725 1795 per
747 1763 855 1791 mare,
879 1752 926 1785 ita
950 1753 1044 1796 quod
1067 1753 1178 1786 omnis
1201 1754 1304 1796 copia
1327 1755 1604 1787 necessariorum
1627 1755 1662 1787 in
1688 1761 1780 1788 terra
1802 1765 1940 1798 semper
1963 1761 2015 1788 est
2031 1754 2160 1788 habita.

313 1807 417 1840 Tunc
440 1807 483 1839 de
507 1807 679 1839 communi
702 1807 855 1839 omnium
892 1806 1040 1839 consilio
1064 1812 1168 1849 cepta
1191 1813 1272 1840 sunt
1294 1807 1435 1840 edificia
1459 1809 1562 1841 castri
1599 1809 1734 1851 Ioppen
1756 1810 1792 1841 in
1827 1809 1968 1842 fossatis
1990 1813 2026 1841 et
2055 1808 2162 1841 muris

314 1861 498 1904 erigendis,
522 1859 616 1903 quod
640 1861 706 1892 erit
729 1859 933 1892 memoriale
957 1860 994 1891 in
1019 1871 1120 1892 euum
1145 1860 1240 1893 omni
1264 1861 1520 1900 christianitati,
1544 1862 1627 1905 quia
1650 1873 1714 1905 per
1736 1862 1802 1895 Dei
1825 1861 1974 1906 gratiam
1998 1872 2042 1895 ex
2057 1861 2163 1896 nimia

314 1914 500 1947 deuotione
524 1924 566 1946 ac
589 1913 720 1945 affectu
744 1924 846 1956 quem
865 1913 1056 1955 Imperator
1080 1919 1115 1946 et
1137 1914 1248 1946 omnis
1271 1914 1419 1957 populus
1443 1915 1538 1947 circa
1560 1915 1652 1948 idem
1678 1926 1765 1958 opus
1787 1915 1949 1953 habebat,
1973 1921 2008 1949 et
2023 1914 2159 1949 labora·
2182 1915 2225 1949 30

314 1969 374 2001 bat
396 1968 612 2000 incessanter
636 1973 706 1999 tota
729 1965 801 2005 die,
825 1973 904 1999 ante
929 1967 1139 1999 dominicam
1164 1973 1270 2010 caput
1291 1967 1557 2011 quadragesime
1582 1979 1691 2012 usque
1716 1969 1805 2002 adeo
1829 1968 1896 2002 fuit
1924 1973 2121 2011 promotum
2133 1969 2157 2007 ³,

314 2021 409 2064 quod
432 2032 450 2053 a
475 2021 648 2063 principio
671 2031 731 2052 sue
754 2020 989 2053 inchoationis
1013 2031 1188 2064 nunquam
1212 2021 1324 2054 extitit
1348 2022 1437 2054 adeo
1461 2022 1553 2054 forte
1578 2027 1612 2055 et
1635 2023 1723 2054 bene
1740 2022 1884 2055 factum.
1916 2022 2054 2055 Interea
2075 2030 2160 2055 uero

316 2087 393 2107 cum
425 2076 491 2107 hec
520 2074 668 2107 sollicite
697 2080 898 2117 agerentur,
921 2074 1032 2107 nuntii
1054 2073 1202 2107 Soldani
1226 2081 1261 2107 et
1285 2075 1508 2117 Imperatoris
1530 2075 1776 2108 indifferenter
1806 2076 1903 2109 ibant
1934 2075 2016 2108 hinc
2042 2074 2125 2108 inde
2137 2075 2160 2114 ⁴,

315 2134 502 2161 tractantes
524 2128 569 2160 de
593 2127 685 2160 bono
709 2127 807 2170 pacis
831 2133 865 2160 et
889 2128 1092 2160 concordie.
1138 2127 1312 2160 Soldanus
1335 2138 1419 2161 uero
1443 2129 1535 2161 idem
1565 2135 1600 2162 et
1630 2130 1740 2162 frater
1772 2129 1857 2167 eius,
1881 2129 1940 2173 qui
1970 2128 2162 2163 uocabatur

315 2180 459 2221 Sarech,
483 2192 561 2214 cum
585 2181 828 2213 innumerabili
854 2181 1011 2214 exercitu
1035 2181 1128 2214 iuxta
1159 2181 1328 2214 Gazeram
1360 2181 1523 2214 iacebant
1553 2183 1599 2214 ad
1622 2192 1725 2214 unam
1758 2182 1899 2221 dietam,
1923 2188 1958 2215 et
1988 2181 2161 2216 Soldanus
2183 2183 2226 2215 35

317 2235 477 2268 Damasci
502 2245 580 2267 cum
604 2245 666 2267 suo
692 2245 818 2278 magno
841 2235 998 2267 exercitu
1023 2241 1096 2267 erat
1111 2241 1197 2278 aput
1214 2235 1422 2279 Neapolym,
1439 2245 1502 2278 per
1525 2246 1626 2268 unam
1644 2236 1804 2269 similiter
1820 2236 1949 2269 dietam
1965 2236 2097 2270 distans
2119 2235 2163 2269 ab

2191 845 2231 878 ιο
2274 874 2285 897 4

405 2376 430 2400 8.
449 2376 602 2408 prephatus
620 2376 731 2409 Spoleti
751 2375 828 2400 Uen.
848 2384 861 2399 ι
881 2375 944 2400 Dm.
962 2375 1007 2399 Ra
1026 2388 1059 2393 —-
1082 2382 1120 2406 14·
1139 2374 1215 2399 siria
1235 2374 1310 2399 UGH.
1331 2388 1364 2393 —
1386 2374 1426 2400 16.
1446 2376 1533 2400 citius
1558 2377 1634 2401 Uen.
1659 2377 1752 2402 invece
1776 2378 1807 2402 di
1830 2378 1970 2402 exercitus
1995 2376 2106 2406 PER-rm
2131 2377 2161 2402 la

311 2420 412 2449 parola
431 2426 479 2442 ora
499 2419 512 2442 ὲ
532 2419 621 2442 deleta
643 2432 673 2436 —-
696 2424 735 2449 17.
756 2419 913 2442 necessaria
928 2418 1042 2442 mittere
1055 2417 1227 2442 sufficienter
1240 2424 1302 2441 cum
1317 2418 1481 2442 summariis
1494 2418 1584 2449 θοῆς
1597 2420 1760 2444 sommariis
1773 2419 1836 2444 Dar.
1849 2420 1907 2448 Rs:
1921 2419 2050 2444 sameriln
2063 2419 2162 2443 Ριιιτι

316 2474 348 2478 -
368 2467 458 2485 20-21.
477 2462 619 2484 exercitus
639 2460 835 2492 desperarat..
847 2477 873 2485 ..
894 2460 968 2484 nihil
988 2460 1063 2484 Uen.
1084 2469 1097 2484 ε
1116 2459 1178 2484 Dar.
1196 2459 1240 2484 RE
1261 2473 1292 2478 —
1313 2466 1354 2491 24.
1376 2460 1581 2486 abundantiam
1602 2462 1679 2488 Uen.
1691 2470 1704 2486 e
1719 2462 1781 2487 Dar.
1795 2461 1838 2487 Rs
1857 2475 1887 2480 —
1905 2461 1948 2494 36.
1968 2461 2160 2486 Damascena:

316 2503 391 2527 Uen.
411 2512 424 2527 ε
444 2503 506 2527 θεῖ.
525 2503 570 2526 Ra

1355 2603 1367 2620 ⁴
1386 2605 1410 2630 Il
1424 2606 1546 2631 Sultano
1560 2606 1705 2632 El-Kamil
1719 2605 1856 2640 (secondo
1869 2606 1989 2631 l’Amari
2003 2606 2054 2631 che
2067 2607 2092 2631 si
2106 2603 2164 2630 risi

1267 2655 1282 2672 a
1301 2648 1391 2673 Ibn-el
1411 2648 1509 2679 ’Amil,
1528 2649 1628 2674 Bibars
1647 2656 1662 2673 e
1681 2649 1814 2680 Makrizi)
1833 2657 1913 2673 corne
1926 2649 2127 2674 ambasciatori
2147 2655 2163 2673 a

405 2604 412 2619 ¹
432 2606 469 2630 Di
489 2608 586 2638 queste
604 2606 703 2630 lettere
722 2606 751 2630 di
771 2606 909 2631 Federico
929 2605 954 2639 ΙΙ
974 2613 1113 2630 mancano
1137 2605 1147 2630 i
1169 2613 1211 2630 re-

317 2647 400 2672 lativi
421 2649 499 2673 testi.
536 2648 577 2672 La
598 2656 646 2672 sua
668 2651 773 2673 venuta
793 2656 808 2673 a
827 2648 956 2673 Brindisi
976 2656 1030 2672 con
1050 2648 1142 2680 poche
1164 2655 1212 2679 ga-

2189 1111 2228 1144 15
2273 1146 2290 1152 .

317 2690 368 2720 lee,
388 2690 463 2714 forse
482 2691 535 2715 due
555 2692 679 2715 secondo
699 2691 867 2715 Ricordano
885 2690 1058 2724 Malaspina‚
1086 2691 1115 2714 su
1135 2690 1157 2714 il
1180 2697 1212 2714 ιο

317 2734 440 2765 giugn03
461 2735 569 2758 mentre
588 2732 722 2758 l’assedio
743 2734 771 2758 di
793 2734 919 2758 Caiazzo
939 2734 975 2757 da
994 2734 1075 2766 parte
1093 2733 1137 2757 dei
1159 2733 1212 2757 due

317 2777 428 2800 eserciti
450 2775 507 2808 pub
527 2775 630 2800 fissarsl
652 2777 710 2810 agli
731 2775 747 2800 8
767 2776 795 2800 di
817 2776 982 2805 settembrez
1003 2776 1138 2806 nnuman,
1163 2783 1212 2799 nn.

321 2819 417 2849 1755b,
440 2817 504 2850 1763
518 2827 543 2843 a.

404 2858 415 2875 ²
432 2860 456 2884 11
472 2861 534 2884 Chr.
549 2861 580 2884 de
594 2861 672 2885 rebus
686 2861 742 2885 Sic.
756 2862 814 2891 cit„
829 2860 891 2885 dice
908 2859 939 2884 16
953 2860 1002 2888 XI,
1019 2858 1135 2888 122821l
1151 2860 1211 2883 bre-

319 2908 351 2925 ve
364 2901 408 2926 del
429 2902 571 2933 patriarca
591 2902 732 2927 Geroltlo:
755 2903 769 2917 ’ί
780 2904 856 2927 circa
872 2904 973 2927 testum
987 2902 1064 2926 beati
1078 2900 1211 2926 Clemen-

322 2944 381 2967 “tis
394 2962 407 2975 ,,
426 2946 470 2977 (²3
492 2944 551 2977 XI),
572 2946 709 2974 Bormum,
737 2951 802 2977 1735
815 2955 840 2971 a.

407 2985 417 3001 ³
436 2987 489 3010 Nel
512 2993 579 3018 1²²9
599 2987 627 3011 la
646 2988 755 3020 Pasqua
775 2988 862 3012 cadde
883 2987 904 3011 il
926 2994 955 3020 15
977 2986 1015 3011 1v
1035 2995 1049 3010 e
1069 2987 1096 3010 la
1120 2987 1211 3018 prima

319 3028 470 3053 domenica
490 3029 519 3054 di
539 3028 707 3058 Quaresima
729 3031 748 3054 il
769 3039 785 3062 4
805 3031 853 3055 111.

1267 2689 1403 2714 Federico
1415 2689 1442 2714 11
1457 2689 1562 2715 mando
1576 2693 1687 2715 uomini
1699 2692 1727 2716 di
1739 2692 1873 2715 scienzee
1883 2691 1911 2715 dl
1927 2691 2043 2716 lettere:
2058 2690 2163 2715 Fakhr·

1266 2733 1375 2761 ed-din,
1396 2733 1416 2756 il
1438 2735 1522 2765 poeta
1541 2732 1755 2765 Seianum-din,
1777 2733 1806 2758 dl
1825 2733 1930 2758 Arbela
1956 2741 1970 2757 e
1996 2734 2024 2758 lo
2051 2733 2162 2758 sceriffo

1265 2774 1475 2799 Scems-ed—din
1490 2775 1525 2800 da
1540 2776 1664 2801 Ormela.
1690 2775 1740 2801 Gli
1762 2776 1965 2800 ambasciatori
1984 2776 2013 2800 di
2027 2775 2163 2800 rederico

1268 2818 1388 2842 surono:
1408 2817 1511 2842 Baliari
1531 2818 1634 2850 slgnor
1654 2819 1684 2844 di
1703 2818 1811 2843 Sidone
1830 2826 1845 2843 e
1865 2818 2018 2842 Tommaso
2037 2819 2120 2842 conte
2133 2818 2162 2842 dl

1267 2860 1372 2884 Acerra
1392 2867 1443 2884 suo
1464 2861 1574 2885 vicario
1595 2862 1624 2884 in
1645 2859 1830 2890 Terrasanta;
1852 2861 1888 2885 cs.
1912 2861 2026 2890 Anam,
2054 2860 2094 2885 Se.
2119 2861 2166 2885 dn·

1266 2902 1444 2933 Musulmani,
1462 2903 1512 2934 111,
1532 2903 1591 2934 cit„
1611 2911 1637 2936 p.
1657 2903 1707 2936 641
1729 2911 1743 2928 e
1764 2905 1831 2927 note
1850 2911 1866 2935 4
1886 2911 1901 2927 a
1921 2902 1945 2928 6.

1354 2945 1391 2968 Di
1412 2944 1524 2973 Balian,
1543 2946 1732 2977 lulianus,
1745 2945 1877 2970 sihanno
1892 2946 2000 2970 notizie
2014 2945 2060 2969 nel
2075 2952 2163 2977 regno

1266 2986 1296 3011 di
1315 2986 1526 3012 Gerusalemme
1546 2988 1593 3012 dal
1613 2995 1699 3020 genn.
1721 2986 1789 3012 1226
1807 2988 1835 3012 al
1855 2988 2007 3019 dic.1231:
2028 2988 2163 3017 Bonum,

1267 3036 1314 3053 nn.
1336 3035 1395 3061 590,
1414 3036 1520 3061 9¹....
1550 3036 1625 3061 1919.

2190 2781 2226 2799 20

2191 2993 2222 3020 ²5
