2320 3444
62 251 136 282 Mun..
151 264 184 279 ce.
201 259 288 284 ποῶ-36
304 240 375 284 190

66 1075 227 1098 Imperator
248 1074 275 1093 in

90 1103 124 1122 ΑΙ
129 1108 227 1121 nnnnnn

89 1129 161 1148 uadit.

131 1520 150 1535 c.
163 1520 212 1539 3ου

231 1102 275 1121 iam

249 2245 281 2262 10

251 2454 280 2479 ¹5

250 2668 285 2685 20

759 244 1040 281 RYCCARDI
1067 242 1138 279 DE
1166 242 1382 278 SANCTO
1412 239 1681 278 GERMANO
1974 243 2025 282 [A.
2047 243 2141 283 123⁵]

296 386 368 412 tota
390 385 482 411 terra
506 377 705 411 monasterii
729 375 884 409 nonnulli
907 375 966 419 qui
990 374 1121 407 inuenti
1145 379 1224 406 sunt
1240 374 1284 407 de
1301 373 1464 407 demanio
1489 373 1653 413 extitisse,
1671 378 1754 416 aput
1769 373 1897 407 Cumas
1910 373 1963 407 ire
1979 383 2057 407 cum
2073 374 2143 407 suis

297 432 435 465 familiis
462 431 714 473 compelluntur
729 430 749 462 ¹.

384 486 507 518 Mense
530 484 651 517 Martii
683 483 811 526 captivi
834 483 878 514 de
903 482 1031 524 Apulia
1055 482 1113 525 qui
1136 480 1345 514 tenebantur
1368 481 1461 524 apud
1492 480 1702 514 Canusium’
1726 491 1788 524 per
1817 481 2050 514 interventum
2081 491 2141 525 pe-

297 540 400 572 cunie
426 539 622 575 liberantur,
646 543 682 569 et
705 547 748 569 ex
772 537 820 568 eis
843 536 984 579 quidam
1011 535 1119 579 digna
1142 541 1220 567 sunt
1244 545 1336 578 pena
1357 534 1526 567 mulctati.

386 592 504 624 Mense
529 590 659 633 Aprilis
683 591 876 631 Imperator
891 595 976 632 aput
999 588 1180 621 Precinam
1204 589 1336 632 pascha
1359 588 1499 621 Domini
1530 587 1708 621 celebrat’
1731 594 1767 621 et
1789 594 2040 633 consequenter
2061 594 2142 631 post

295 646 459 689 pascham
472 645 536 676 iter
552 643 707 686 arripuit,
724 644 760 675 in
777 639 1017 674 Alamanniam
1031 643 1263 684 proiecturus,
1280 642 1412 674 ducens
1428 651 1544 674 secum
1558 641 1758 674 Conradum
1774 641 1880 674 filium
1895 652 2003 674 suum.
2026 641 2143 681 Quem

296 699 460 742 magister
483 699 604 730 domus
627 696 903 728 Teutonicomm
926 696 1003 738 ipso
1027 696 1213 728 mandante
1244 695 1414 737 precessit
1445 695 1490 727 ad
1518 705 1656 738 papam,
1684 700 1718 727 et
1747 695 1902 728 Thomas
1931 694 1976 728 de
2000 694 2143 739 Aquino

296 753 502 786 Acerramm
528 761 644 783 comes
674 750 843 793 Magister
871 750 1086 788 iustitiarius,
1117 755 1151 782 et
1181 749 1356 783 iustitiarii
1388 748 1448 780 alii
1481 749 1525 781 de
1556 749 1696 792 Regno,
1725 758 1863 781 necnon
1893 755 1928 782 et
1958 748 2144 792 capuanus

297 805 513 839 Ydrontinus
536 811 571 836 et
593 804 856 836 panormitanus
880 803 1148 846 archiepiscopi,
1180 813 1258 835 cum
1288 802 1463 835 nonnullis
1494 802 1538 834 de
1569 802 1696 846 Regno
1726 813 1837 846 usque
1866 802 2000 835 Fanum
2031 801 2144 836 secuti

296 865 384 896 sunt,
409 864 443 890 et
466 859 508 890 de
534 857 755 900 Imperatoris
779 856 921 889 licentia
945 862 1025 889 sunt
1047 857 1084 888 in
1107 857 1269 901 Regnum
1293 856 1422 889 reuersi
1437 859 1459 888 ⁴.

385 912 516 944 Turres
539 911 575 942 in
600 910 724 943 Gaieta
747 910 905 952 exceptis
929 915 1078 953 quatuor
1094 909 1277 942 diruuntur
1292 910 1458 942 mandato
1475 909 1698 953 Imperatoris
1712 912 1734 942 ⁸.
1757 909 1884 942 Rocca
1907 909 2025 943 Ianule
2041 920 2146 953 super

298 967 463 999 Sanctum
487 965 696 998 Germanum
721 964 884 996 firmatur.
931 963 1127 1006 Stephanus
1150 963 1194 996 de
1219 963 1380 1007 Anglone
1404 963 1499 996 cedit
1522 962 1635 996 officio
1657 962 1903 1003 iustitiariatus‚
1934 969 1970 997 et
2000 962 2144 996 Guillel-

297 1030 372 1052 mus
395 1020 438 1052 de
463 1018 594 1051 Sancto
618 1016 839 1061 Fraymundo
863 1017 1023 1050 succedit
1046 1017 1159 1050 eidem
1171 1016 1193 1049 ⁶.
1240 1017 1431 1059 Imperator
1456 1027 1534 1049 cum
1551 1017 1717 1050 Conrado
1733 1016 1805 1049 filio
1828 1027 1889 1049 suo
1905 1022 1942 1049 et
1957 1017 2002 1050 de
2018 1015 2145 1061 Regno

298 1074 485 1106 admodum
507 1071 628 1115 paucis
659 1082 776 1103 mense
801 1070 911 1103 Madii
935 1076 1019 1113 aput
1042 1070 1234 1103 Ariminum
1258 1080 1353 1102 mare
1377 1070 1493 1109 intrat,
1517 1075 1551 1104 et
1573 1071 1608 1102 in
1632 1070 1856 1114 Aquilegiam
1887 1070 1994 1110 uadit,
2018 1070 2146 1103 exinde

299 1128 333 1159 in
358 1126 601 1160 Alamanniam
626 1125 847 1168 profecturus
858 1123 880 1157 ⁷.

387 1181 461 1213 Pax
484 1180 576 1213 inter
597 1190 734 1222 papam,
752 1185 786 1211 et
802 1178 984 1211 Romanos
1005 1178 1196 1211 reformata
1220 1184 1284 1216 est3
1309 1178 1440 1221 captiui
1463 1177 1629 1217 Romani,
1646 1178 1706 1222 qui
1721 1183 1806 1221 aput
1830 1177 2026 1211 Uiterbium
2049 1183 2147 1212 tene-

299 1235 424 1268 bantur
446 1244 510 1277 per
531 1243 656 1276 papam
681 1232 818 1264 liberati
843 1238 933 1272 sunt,
956 1238 991 1265 et
1014 1232 1073 1275 qui
1096 1231 1304 1264 tenebantur
1327 1242 1346 1263 a
1370 1231 1550 1269 Romanis,
1573 1230 1675 1263 liberi
1698 1231 1925 1264 dimittuntur.

386 1287 588 1321 Robbertus
611 1286 654 1318 de
677 1285 787 1318 Busso
811 1296 832 1317 a
855 1285 1077 1319 iustitiariatu
1107 1285 1248 1328 Aprutii
1279 1291 1457 1318 amouetur
1470 1284 1492 1323 ⁸,
1517 1290 1552 1318 et
1574 1284 1708 1318 Hector
1738 1284 1995 1318 comestabulus
2016 1284 2147 1319 Montis

299 1342 440 1375 Fusculi
464 1340 666 1374 substitutus
690 1345 743 1371 est
765 1339 816 1370 illi
828 1337 850 1371 ⁹.
2250 1375 2251 1379 Ἰ

388 1395 510 1428 Mense
534 1393 625 1426 Iunii
648 1393 912 1425 Panormitanus
935 1399 970 1426 et
991 1393 1177 1436 capuanus
1206 1393 1475 1436 archiepiscopi,
1499 1393 1655 1425 Thomas
1684 1392 1729 1426 de
1760 1393 1903 1437 Aquino
1933 1392 2146 1427 Acerramm
2170 1393 2229 1426 2o=

300 1460 416 1483 comes
439 1455 474 1481 et
496 1447 669 1480 Henricus
693 1446 737 1479 de
754 1447 874 1479 Morta
895 1445 1066 1490 Magister
1081 1447 1290 1486 iustitiarius,
1315 1447 1374 1489 qui
1391 1457 1455 1489 pro
1478 1446 1692 1489 Imperatore
1707 1446 1743 1479 in
1759 1446 1885 1491 Regno
1900 1452 2148 1486 remanserant,

300 1514 336 1535 se
362 1502 517 1545 Capuam
542 1500 763 1533 conferentes
785 1505 979 1532 statuerunt
1006 1501 1145 1539 ibidem,
1176 1500 1325 1544 qualiter
1355 1498 1475 1533 rocca'
1506 1500 1580 1532 Iani
1610 1510 1714 1543 super
1745 1499 1908 1533 Sanctum
1939 1500 2148 1534 Germanum

300 1556 427 1589 muniri
449 1554 601 1588 turribus
624 1559 658 1586 et
681 1553 785 1586 muris
816 1552 969 1586 deberet.
1017 1552 1075 1586 Ad
1097 1554 1193 1597 quod
1224 1554 1425 1587 faciendum
1453 1559 1601 1596 quatuor
1632 1553 1812 1598 elegerunt
1835 1553 1879 1586 de
1910 1558 2004 1587 terra
2026 1552 2149 1587 Sancti

300 1609 494 1647 Benedicti,
517 1609 575 1651 qui
599 1608 755 1640 homines
779 1608 966 1650 deputatos
981 1608 1026 1640 ad
1041 1618 1127 1650 opus
1141 1617 1244 1640 rocce
1260 1607 1369 1649 ipsius
1385 1607 1559 1650 assignare
1575 1607 1645 1639 suis
1667 1607 1805 1640 uicibus
1827 1607 1968 1640 domino
1983 1598 2150 1650 Philippo
2256 1635 2260 1646 .

301 1664 346 1696 de
367 1661 464 1703 Citro
489 1662 658 1694 deberent
683 1661 918 1694 comestabulo
942 1660 1062 1704 Capue
1084 1660 1250 1704 magistro
1275 1660 1391 1703 operis
1414 1670 1518 1693 rocce
1542 1660 1702 1703 predicte
1717 1659 1753 1698 ¹⁰,
1777 1666 1812 1693 et
1833 1666 1889 1694 ter
1909 1660 1946 1692 in
1970 1660 2026 1693 die
2051 1660 2148 1704 ipsos
2169 1659 2212 1693 25
2258 1678 2273 1710 ἶ

393 1801 432 1826 ¹3·
453 1793 623 1826 Raymundo
643 1801 691 1817 non
711 1792 895 1824 Frayrnundo
915 1792 991 1817 UGH.
1011 1801 1025 1816 e
1042 1792 1106 1816 Dm.
1123 1791 1167 1816 Ra
1187 1805 1219 1809 —
1242 1791 1282 1816 18.
1300 1790 1442 1816 Robertus
1460 1791 1546 1820 Uen„
1565 1791 1629 1816 Dm.
1646 1790 1699 1821 Rs,
1712 1791 1810 1816 sz‘rz
1821 1799 1835 1816 e
1848 1789 1945 1816 GAun.
1958 1804 1992 1809 —
2005 1797 2048 1816 πο.
2060 1789 2148 1824 Agno

303 1845 352 1861 non
371 1836 488 1869 Aquino
508 1836 585 1861 UGH.
605 1845 618 1860 e
638 1836 701 1860 Dm.
719 1836 763 1861 Ru:
782 1848 815 1853 —
842 1842 884 1867 24.
910 1835 1021 1860 viribus
1046 1843 1095 1860 non
1121 1834 1232 1860 vicibus
1257 1833 1333 1859 ὕει-ι.
1358 1842 1372 1858 e
1396 1833 1461 1859 Dm⁴
1486 1834 1543 1864 Ra3
1565 1834 1676 1858 vicibus
1696 1834 1830 1859 deberent
1848 1833 2031 1866 quest'ulen'nua
2045 1834 2147 1865 pamla

303 1883 415 1910 espunta
438 1880 500 1905 Coa.

394 1980 401 1997 ¹
420 1982 473 2006 Per
493 1982 645 2014 procedere
664 1980 910 2013 all’inquisizione
929 1980 958 2005 di
986 1981 1055 2005 tutti
1081 1980 1122 2013 gn
1149 1987 1199 2004 uo-

306 2026 376 2050 mlni
397 2024 598 2059 appartenenti
618 2025 645 2049 al
664 2024 805 2049 Demanio
825 2025 905 2058 regio
924 2022 939 2048 δ
959 2032 974 2048 a
999 2024 1123 2048 ritenere
1141 2023 1201 2052 che,

306 2068 383 2100 dopo
402 2068 430 2092 la
450 2068 530 2100 legge
552 2067 611 2092 “de
630 2067 812 2099 resignandis
831 2066 997 2099 privilegiis
1009 2085 1022 2099 n
1037 2067 1060 2090 sl
1082 2067 1123 2090 sia
1138 2073 1201 2098 pro-

306 2110 408 2134 ceduto
427 2110 486 2134 alla
507 2110 651 2134 revisione
670 2118 684 2134 e
707 2109 922 2142 compilazione
947 2109 993 2133 del
1019 2109 1130 2133 catasto
1156 2108 1201 2132 del

1343 1978 1358 1993 ‘⁴
1368 1979 1421 2004 Per
1440 1980 1515 2003 viam
1534 1979 1661 2004 Marchie
1684 1979 1868 2004 Anconitane
1892 1978 1995 2011 (Frld.)
2019 1979 2151 2012 pervenit

1256 2019 1269 2034 ¹¹
1281 2022 1315 2046 ad
1335 2021 1484 2047 civltatem
1504 2021 1668 2046 Ariminum
1687 2023 1716 2046 et
1734 2021 1838 2046 deinde
1856 2029 1919 2046 cum
1939 2029 1988 2046 sex
2000 2021 2091 2054 galet·
2109 2028 2152 2047 ιι·-

1257 2063 1271 2078 a
1282 2066 1368 2090 matIs
1386 2072 1455 2097 quas
1474 2064 1596 2089 habebat
1615 2065 1650 2089 ad
1670 2065 1765 2098 partes
1783 2064 1906 2097 Aquilee
1930 2071 1960 2089 se
1984 2064 2151 2098 confluunt

1258 2108 1320 2132 Chr.
1341 2108 1373 2132 de
1392 2108 1470 2132 rebus
1490 2107 1611 2138 Siciliae,
1631 2107 1691 2137 cit„
1710 2107 1744 2131 ad
1762 2114 1808 2133 an.

2178 1987 2272 2015 ³⁰

306 2160 405 2184 regno.
441 2151 538 2177 Com'e
558 2154 636 2183 noto,
658 2154 686 2176 in
707 2153 840 2176 ciascuna
859 2153 934 2176 terra
953 2151 1114 2176 demaniale
1127 2150 1203 2175 v‘era

307 2197 441 2228 preposto
461 2203 498 2219 un
521 2195 682 2227 “magister
707 2196 876 2227 procurator
901 2202 993 2218 rerum
1019 2193 1201 2226 fiscalium„;

309 2239 398 2262 Const.
420 2238 514 2269 Regni
531 2238 633 2267 Sicilie,
654 2238 716 2262 Lib.
737 2237 756 2269 1,
778 2237 820 2262 88.
858 2237 881 2261 ΙΙ
902 2237 1049 2269 principio
1063 2237 1138 2269 degli
1154 2244 1203 2260 uo-

308 2280 378 2304 mlni
399 2280 598 2313 appartenenti
626 2280 653 2304 al
679 2280 822 2304 DemanIo
844 2280 873 2304 su
894 2281 940 2312 poi
968 2279 1100 2304 stabllito
1126 2278 1203 2303 nella

309 2322 416 2346 “Nova
437 2322 620 2347 Constitutlo
634 2331 662 2353 „z
686 2323 774 2348 Const.
795 2323 830 2347 R.
852 2322 915 2353 Sic„
934 2322 983 2351 ΙΙΙ,
1002 2329 1043 2347 xr.

395 2363 406 2380 ²
420 2355 440 2388 ὲ
455 2371 471 2389 a
486 2362 596 2390 credere
611 2366 661 2389 che
674 2367 764 2397 questi
779 2365 951 2398 prigionleri
964 2365 1048 2388 siano
1063 2364 1130 2388 stati
1146 2364 1203 2388 rin-

309 2407 399 2431 chiusi
421 2408 466 2431 nel
487 2408 607 2432 castello
628 2407 656 2431 di
681 2407 805 2432 Canosa.

396 2447 407 2464 ³
425 2449 441 2473 8
460 2450 560 2481 aprile.
587 2450 730 2481 Apricena
745 2450 780 2474 ad
795 2449 947 2474 occidente
966 2448 1011 2473 del
1026 2449 1122 2472 monte
1136 2446 1204 2472 Gar-

309 2499 394 2522 gano.

397 2532 409 2548 ⁴
428 2534 460 2558 In
480 2536 580 2566 questo
600 2536 695 2567 tempo
723 2535 754 2559 fu
778 2535 932 2559 costituito
957 2534 979 2559 11
1003 2533 1148 2565 consiglio
1174 2532 1203 2556 dl

309 2583 455 2607 reggenza,
474 2578 620 2609 composto
641 2577 733 2601 allora
753 2576 798 2601 dal
822 2578 907 2601 conte
933 2575 1068 2600 d’Acerra
1091 2582 1107 2599 e
1126 2573 1206 2606 dagli

309 2618 485 2642 arcivescovi
505 2618 533 2642 di
554 2618 685 2643 Palermo
705 2626 718 2642 e
738 2618 766 2643 di
788 2618 896 2651 Capua.
933 2617 975 2642 La
988 2617 1081 2650 prima
1096 2617 1206 2641 notizia

310 2659 338 2683 di
353 2661 454 2691 questo
467 2661 612 2693 consigllo
627 2662 650 2685 si
665 2661 700 2685 ha
715 2661 760 2684 nel
774 2661 893 2693 giugno,
904 2658 966 2684 cioe
980 2659 1005 2683 al
1020 2661 1116 2691 tempo
1131 2658 1206 2683 della

311 2703 418 2733 ripn-esa
429 2702 502 2726 delle
515 2702 718 2728 fortificazloni
733 2705 761 2727 in
777 2703 804 2728 S.
817 2702 971 2732 Germano,
982 2703 1139 2726 necessarie
1150 2701 1206 2725 alla

311 2743 402 2768 difesa
422 2745 467 2769 dei
488 2745 603 2770 confini.
642 2745 695 2770 Pin
716 2746 790 2770 tardi
818 2746 852 2770 ad
879 2746 933 2769 essl
961 2745 991 2768 su
1017 2745 1159 2776 aggiunto
1184 2743 1205 2767 11

312 2793 385 2811 vesc.
405 2786 434 2810 dl
453 2786 584 2812 Ravello.
622 2787 667 2812 Cf.
686 2787 717 2812 E.
737 2788 964 2815 meamuaux.
986 2787 1044 2810 Zur
1053 2786 1206 2818 geschichte

313 2827 414 2852 Kaiser
440 2829 596 2854 Friedrichs
623 2831 660 2854 ll
679 2831 705 2854 in
731 2831 781 2854 den
812 2831 908 2854 lahren
936 2836 1091 2861 law—1241.
1120 2826 1206 2852 For*-

274 2874 285 2883 ”
315 2871 496 2903 schungen
517 2879 576 2895 zur
596 2872 797 2896 deutschen
818 2871 1050 2900 Geschichte‚
1072 2870 1130 2895 vol.
1145 2870 1206 2899 XII,

315 2910 484 2945 Gottingem
507 2913 580 2946 1872,
602 2922 647 2946 pp.
669 2914 728 2947 526,
750 2914 808 2946 562.

402 2953 412 2970 ⁵
431 2955 595 2987 Ignorlamo
614 2959 719 2988 quante
740 2957 850 2981 fossero
869 2957 895 2980 le
915 2955 989 2980 torri
1009 2955 1037 2980 dl
1059 2954 1159 2980 Gaeta.

404 2995 415 3012 θ
434 2998 471 3021 Dl
492 2998 658 3031 Guglielmo
678 2999 709 3023 dl
728 2999 755 3024 S.
774 2999 938 3024 Raimondo
953 3000 1059 3031 ignoro
1073 2997 1144 3022 altre
1158 3005 1209 3021 no·

317 3037 396 3062 tizle.

1344 2147 1356 2165 ⁷
1375 2148 1424 2173 Gli
1446 2150 1500 2174 atti
1521 2149 1552 2173 dl
1570 2156 1638 2182 pace
1660 2149 1702 2174 fra
1715 2149 1743 2174 la
1762 2149 1866 2176 Chiesn
1885 2156 1900 2173 e
1917 2149 1929 2174 1
1954 2148 2075 2179 romani,
2101 2155 2152 2174 un-

1257 2191 1315 2217 dici
1335 2193 1365 2215 in
1385 2193 1474 2222 tutto,
1494 2192 1656 2216 conservati
1676 2192 1722 2216 nei
1741 2191 1866 2224 Regiatri
1888 2191 1919 2216 di
1938 2190 2080 2224 Gregorio
2104 2190 2154 2222 IX.
2180 2197 2214 2225 35

1256 2235 1317 2260 vol.
1334 2234 1369 2263 V,
1389 2242 1417 2266 p.
1439 2240 1485 2258 121
1510 2242 1524 2258 e
1549 2242 1599 2267 sg„
1620 2235 1671 2259 che
1695 2241 1793 2259 vanno
1819 2234 1950 2267 dall'apr.
1975 2234 2003 2259 al
2029 2234 2153 2268 magglo,

1256 2278 1279 2301 si
1299 2277 1397 2301 hanno
1410 2277 1441 2301 in
1462 2277 1558 2301 buona
1577 2276 1712 2301 edizione
1734 2278 1764 2302 in
1784 2277 1978 2307 Romus-nano,
1997 2276 2020 2307 Ι,
2038 2284 2068 2302 n.
2087 2275 2149 2310 636,

1257 2326 1304 2352 pp.
1325 2324 1450 2351 520-530.
1487 2319 1573 2351 Dopo
1598 2319 1627 2343 la
1654 2319 1828 2344 liberazlone
1852 2319 1897 2344 dei
1924 2319 2096 2352 prlglonleri
2122 2318 2154 2344 dl

1257 2361 1386 2393 Vlterbo,
1406 2362 1501 2393 quella
1520 2361 1565 2386 dei
1587 2362 1762 2394 priglonierl
1780 2363 1900 2394 romani,
1929 2361 2001 2394 “qui
2027 2362 2084 2386 tam
2104 2361 2155 2386 Vl·

1260 2403 1370 2428 “terbli
1390 2411 1474 2435 quam
1494 2406 1521 2428 et
1541 2404 1616 2436 apud
1637 2404 1766 2439 Mentem
1792 2403 1936 2429 Cucozon.
1961 2405 1989 2428 et
2013 2403 2153 2434 Altetum,

1259 2444 1273 2458 ‘⁴
1284 2447 1312 2470 et
1331 2446 1501 2478 ubIcumque
1521 2445 1593 2471 alibi
1613 2446 1779 2471 detinentur
1789 2464 1814 2478 η,
1834 2446 1865 2472 fu
1879 2446 2014 2471 ordlnata
2027 2452 2082 2471 con
2093 2445 2155 2478 epi—

1257 2489 1333 2514 stola
1352 2490 1512 2522 posteriore
1534 2488 1561 2513 al
1584 2495 1614 2513 12
1636 2497 1696 2521 apr.

1346 2531 1358 2549 8
1375 2530 1504 2556 Roberto
1525 2532 1622 2562 Busso,
1641 2538 1721 2557 come
1748 2531 1762 2544 ¹‘
1772 2533 1906 2564 provisor
1930 2531 2091 2556 castrorum
2115 2529 2156 2554 A·

1259 2572 1375 2608 “prutii
1388 2592 1413 2605 η,
1431 2572 1446 2598 ὲ
1466 2575 1537 2598 noto
1556 2573 1594 2598 fin
1614 2574 1661 2598 dsl
1685 2581 1716 2606 14
1742 2573 1767 2599 X
1788 2573 2113 2606 12313W1uxe2usuu,
2132 2571 2155 2602 1.

1260 2625 1286 2649 p.
1306 2615 1372 2646 626;
1393 2617 1458 2641 Exc.
1478 2617 1675 2646 Massiliensia,
1695 2625 1717 2642 c.
1738 2625 1791 2649 4v.

1348 2657 1360 2674 ⁹
1379 2659 1478 2683 Ettore
1498 2660 1525 2683 di
1547 2659 1731 2684 Montesusco
1750 2661 1772 2684 sl
1794 2659 1830 2684 ha
1847 2666 1924 2683 come
1943 2659 2108 2691 giustlzlere
2123 2658 2154 2682 ln

1260 2700 1346 2725 Terra
1359 2701 1389 2725 di
1403 2700 1518 2726 Lavoro
1532 2702 1563 2726 1η
1577 2702 1641 2727 doc.
1654 2702 1698 2726 del
1710 2701 1911 2734 mag.-ottobre
1929 2708 2006 2733 1²3¹?
2018 2701 2156 2732 Banu-n,

1262 2751 1310 2768 nn.
1333 2742 1408 2775 1866,
1426 2750 1502 2776 1907.
1539 2744 1625 2778 Dopo
1639 2744 1758 2769 l’usficlo
1773 2744 2018 2768 amministrativo
2037 2743 2067 2768 dl
2080 2740 2156 2766 Con-

1260 2787 1392 2811 testabile
1407 2788 1508 2811 tenuto
1524 2787 1569 2811 nel
1586 2793 1662 2820 1235·
1676 2786 1705 2811 lo
1720 2787 1889 2811 ritroviamo
1902 2786 2068 2818 glustiziere
2079 2785 2157 2810 neno

1261 2830 1351 2853 stesso
1371 2828 1502 2853 Abruzzo
1524 2829 1569 2853 nel
1589 2836 1652 2862 gen.
1670 2827 1993 2860 1238;W1uxssLMAN1‹,
2005 2827 2027 2859 Ι,
2047 2835 2075 2860 p.
2088 2826 2156 2859 ⁶²9³

1262 2871 1327 2896 Exc.
1347 2871 1545 2902 Massiliensiu,
1565 2879 1587 2895 c.
1608 2870 1681 2896 2611.

1351 2911 1372 2928 ¹⁰
1391 2912 1433 2937 Lo
1453 2913 1623 2938 rltroviamo
1637 2913 1826 2938 contestablle
1839 2912 1867 2937 di
1882 2911 1981 2945 Capua
1995 2919 2009 2936 e
2024 2911 2157 2944 delegato

1261 2955 1318 2979 alle
1331 2962 1415 2987 opere
1428 2955 1456 2979 di
1472 2955 1681 2980 fortificazione
1696 2956 1725 2979 in
1738 2954 1795 2980 San
1810 2955 1952 2980 Germano
1965 2953 2003 2979 fin
2018 2953 2065 2979 dsl
2081 2959 2157 2986 1230,

1262 3004 1340 3021 come
1361 2997 1424 3022 dice
1442 2997 1472 3022 lo
1491 2999 1582 3022 stesso
1600 2996 1636 3021 R.

2181 2410 2217 2438 4⁰

2182 2617 2215 2646 43

2185 2831 2219 2859 50
