2320 3444
117 236 190 264 Mun..
206 244 227 261 e.
250 243 301 259 ¹00²

354 226 423 262 142

345 361 359 377 “
373 359 466 402 quod
490 358 603 390 nullus
625 357 669 389 de
693 354 862 398 suspectis
878 353 1031 386 eiusdem
1046 357 1184 395 aposto-

345 412 439 444 “lice
462 411 555 443 sedis
578 410 726 454 gratiam
761 407 948 446 obtineret,
973 412 1007 438 et
1030 406 1125 450 quod
1148 405 1182 437 in

344 465 503 498 “iuribus
527 463 651 497 nostris
667 462 811 505 antiqua
833 471 896 503 per
919 470 981 493 uos
1003 459 1183 503 integritas

344 517 569 561 “specialiter
599 520 806 548 seruaretur.
853 514 914 547 Set
936 523 1021 546 ecce
1045 513 1140 555 quod
1163 523 1184 544 a

345 571 580 614 “paternitate
602 574 729 607 uestra,
754 577 863 611 penes
889 577 993 610 quam
1017 565 1184 599 debemus

343 625 416 657 “ob
443 623 666 657 deuotionem
697 628 732 654 et
763 621 997 653 reuerentiam
1030 625 1182 652 nostram

343 680 357 696 “
372 678 417 710 ad
440 677 577 719 potiora
599 675 782 717 proficere,
807 686 851 706 ne
868 674 949 706 dum
966 673 1062 716 quod
1078 673 1184 705 ratio-

343 733 357 748 “
371 730 471 762 nibus
494 729 620 761 nostris
644 729 793 761 effectus
817 727 937 760 deficit
971 731 1183 768 expectatus,

341 783 355 799 ¹⁴
371 783 454 826 quin
477 781 591 824 potius
614 793 633 814 e
649 781 824 814 contrario
840 780 1085 823 respondetur.
1101 779 1184 812 Pre-

342 838 356 854 “
371 842 466 869 terea
477 837 531 868 uis
543 835 726 868 electionis
742 835 862 867 Sicilie
873 833 1015 877 regibus
1031 833 1184 866 debitum

340 891 354 907 “
370 900 414 922 ex
437 890 577 932 antiquo
601 889 695 932 quod
718 888 799 921 olim
822 888 857 920 in
882 893 1002 920 tenera
1016 892 1108 920 etate
1123 898 1186 930 pu-

341 943 355 960 “
369 943 445 986 pilli
458 943 642 981 tenuimus,
657 943 808 987 genitrix
824 947 941 974 nostra
956 941 992 973 in
1003 952 1064 974 sua
1075 941 1186 973 uidui-

344 996 441 1030 “tate
481 1003 658 1035 tenuerat3
690 996 843 1040 degener
881 995 939 1028 ille
976 995 1185 1027 Tancredus

340 1051 521 1083 “intrusus
543 1050 659 1094 Regni
675 1050 786 1083 tenuit
802 1055 836 1082 et
859 1050 975 1092 quoad
998 1049 1084 1081 uixit
1105 1059 1186 1081 usus

343 1105 422 1137 “est
445 1104 549 1146 pleno
572 1104 666 1141 iure;
691 1103 872 1146 nullusque
895 1103 1183 1146 predecessorum

341 1158 356 1174 ‘⁴
371 1167 490 1201 regum
515 1158 591 1196 fuit,
615 1158 704 1190 adeo
727 1167 835 1190 senex
861 1157 917 1190 uel
948 1156 1091 1194 iuuenis,
1124 1166 1184 1198 po-

343 1213 357 1228 “
370 1217 448 1244 tens
469 1211 526 1243 uel
548 1211 733 1254 impotem.
756 1211 843 1254 quin
865 1216 1012 1249 teneret,
1035 1209 1135 1242 nobis
1151 1209 1185 1241 in

343 1265 624 1307 “presentiarum
648 1265 788 1297 auferre
820 1263 1045 1302 contenditis,
1076 1263 1121 1296 de
1146 1263 1186 1294 li-

344 1320 358 1336 “
370 1318 441 1351 cito
458 1318 559 1351 nobis
574 1318 698 1352 illicito
722 1318 904 1350 facientes.
952 1317 1010 1350 Ad
1026 1317 1093 1350 hee
1109 1327 1186 1359 pro-

344 1372 529 1404 “mouistis
551 1378 668 1414 preter
691 1372 839 1404 formam
870 1371 1009 1403 insimul
1038 1370 1186 1413 requisi-

344 1426 441 1457 “tam
463 1424 564 1457 nobis
579 1425 784 1458 inconsultis
807 1435 974 1467 personas
991 1424 1035 1456 ad
1046 1424 1182 1457 libitum

344 1479 358 1495 ‘⁴
371 1484 407 1511 et
422 1489 481 1511 eas
493 1479 663 1512 ecclesias
675 1478 796 1522 Regni
809 1479 927 1517 nostri,
940 1478 1034 1522 quod
1047 1487 1186 1510 camera

345 1533 359 1549 “
373 1538 489 1564 nostra
505 1538 558 1565 est
573 1531 738 1565 incubare
750 1531 923 1564 mandatis
939 1533 958 1564 ¹.
983 1532 1035 1564 De
1048 1532 1185 1563 Taren-

344 1584 360 1601 “
372 1585 445 1618 tino
467 1596 553 1618 uero
578 1586 856 1628 archiepiscopo,
869 1585 1104 1623 cathaniensi,
1116 1584 1184 1617 Ce-

341 1640 356 1655 “
372 1639 578 1681 phaludensi
593 1638 767 1682 episcopis
783 1645 819 1671 et
834 1638 971 1672 clericis
994 1638 1112 1682 Regni
1126 1648 1188 1671 no-

345 1694 360 1709 “
372 1692 431 1725 stri
455 1692 672 1725 uoluntatem
687 1699 836 1725 uestram
852 1693 994 1736 queritis
1017 1692 1188 1735 adimple-

342 1745 357 1762 “
368 1746 408 1788 ri,
425 1751 480 1779 set
495 1746 666 1779 cautelam
676 1753 710 1779 et
726 1747 1013 1789 indempnitatem
1029 1752 1182 1779 nostram

343 1800 358 1816 ‘⁶
373 1800 538 1833 uidemini
555 1811 625 1833 non
638 1811 776 1838 curare;
795 1811 873 1834 cum
890 1799 1098 1833 dissimulari
1115 1810 1184 1833 non

345 1855 360 1870 ‘⁴
374 1853 501 1886 debeat
523 1854 580 1886 uel
603 1853 667 1887 sub
683 1854 823 1886 silentio
847 1854 1005 1896 preteriti
1022 1854 1117 1886 furta
1129 1865 1186 1886 re-

344 1907 358 1923 “
373 1917 448 1939 rum
472 1913 667 1940 nostrorum
683 1918 747 1950 per
761 1908 989 1940 Tarentinum
1013 1907 1188 1950 archiepi-

346 1961 518 2003 “scopum
550 1961 657 2000 facta,
694 1961 954 1995 coniurationes
977 1967 1099 1994 contra
1125 1971 1188 1994 nos

346 2015 361 2032 “
375 2018 411 2046 et
434 2014 540 2046 filium
562 2020 716 2047 nostrum
738 2014 823 2047 inite
846 2025 911 2057 per
934 2015 1084 2047 eundem
1109 2025 1186 2047 cum

346 2067 409 2100 “in
431 2067 608 2101 Teutonia
622 2078 847 2107 moraremur,
864 2074 899 2101 et
913 2068 1064 2112 qualiter
1079 2068 1186 2100 filium

346 2122 540 2160 “nostrum,
571 2121 667 2164 impii
698 2122 880 2165 sanguinis,
905 2122 1011 2155 filium
1041 2132 1100 2155 ore
1123 2122 1187 2154 im-

347 2175 361 2191 “
375 2174 486 2216 pr'obo
510 2175 689 2214 uocitauit‚
712 2175 949 2209 ordinationes
972 2175 1074 2208 etiam
1098 2186 1183 2219 quas

348 2227 462 2260 “fecit
484 2229 529 2261 de
560 2229 756 2261 castellanis
789 2230 827 2261 in
861 2229 1016 2262 castellis
1050 2230 1188 2267 nostris,

347 2281 434 2324 “qui
458 2281 556 2314 nobis
590 2282 720 2325 absque
754 2282 900 2325 speciali
934 2282 1100 2315 mandato
1124 2292 1186 2315 suo

436 2389 457 2406 1.
476 2382 581 2407 eisdem
601 2383 630 2406 di
643 2382 737 2413 prima
756 2391 833 2408 mano
855 2383 919 2408 Cod.
939 2392 951 2407 e
972 2382 1067 2408 GAun.
1094 2396 1126 2400 —
1149 2388 1188 2407 ιο,

344 2426 456 2451 debitus
470 2426 533 2452 Cod.
543 2440 575 2445 —-
590 2433 628 2459 ¹3·
639 2427 819 2452 Trancredus
833 2427 896 2454 Cod.
907 2440 940 2446 —
952 2434 993 2460 23.
1005 2427 1190 2460 Mancaforse

343 2472 453 2503 qualche
471 2479 496 2496 r.
518 2470 580 2496 Cod.
600 2484 634 2489 —
647 2471 689 2505 36.
703 2472 772 2497 fecit
785 2473 818 2497 de
831 2472 996 2497 castellanis
1010 2472 1127 2502 nostris,
1141 2472 1188 2504 qui

344 2514 441 2541 Gau».

441 2635 450 2653 ¹
474 2637 501 2662 A
526 2639 626 2669 questo
651 2639 828 2671 argomento,
855 2640 1006 2664 mancante
1033 2639 1110 2663 forse
1134 2639 1183 2671 qui
1210 2638 1241 2663 di

1253 837 1291 869 10

1253 1104 1290 1136 15

1251 1372 1293 1404 20

1253 1640 1292 1674 25

1252 1910 1295 1942 30

1254 2177 1294 2211 35

1435 349 1563 382 Comes
1597 349 1803 393 Raynaldus
1833 349 1923 383 filius
1944 350 2122 396 Raynaldi
2148 351 2193 384 de

1345 403 1472 436 Bareto
1488 413 1525 435 se
1548 408 1670 436 contra
1685 402 1936 446 Imperatorem
1951 404 1989 437 in
2004 404 2193 438 Introduco

1345 457 1486 499 recipit:
1526 467 1627 500 quem
1659 454 1846 490 Bertoldus
1876 457 1987 491 frater
2008 457 2193 503 Raynaldi

1345 510 1432 543 dicti
1467 509 1567 542 ducis
1597 509 1735 552 Spoleti
1776 516 1991 554 congregato
2020 510 2193 554 imperiali

1345 563 1502 597 exercitu
1526 562 1665 596 obsidet
1686 568 1722 596 et
1743 563 1958 608 expugnat².

1434 617 1511 650 Hoc
1535 627 1625 650 anno
1647 617 1744 649 lacus
1769 615 1910 656 Marsis,
1933 618 1993 661 qui
2022 618 2191 653 Fucinum
2205 621 2285 644 Μ·
2317 637 2320 663 ς

1345 671 1483 710 dicitur,
1507 681 1614 714 usque
1638 671 1728 703 adeo
1752 670 1906 714 obriguit
1921 677 1956 704 et
1977 655 2273 726 congelauieconee-
2318 676 2320 713 :³

1346 724 1439 767 quod
1469 724 1627 756 homines
1658 725 1693 756 in
1717 734 1760 757 eo
1786 724 1939 767 desuper
1961 725 2190 766 ambulantes,

1345 777 1452 810 boues
1467 778 1653 810 trahebant
1668 788 1746 809 cum
1770 777 1927 811 trabibus
1943 783 1978 810 et
1993 778 2069 812 aliis
2083 778 2194 822 ligna-

1345 831 1496 864 minibus
1526 831 1733 863 necessariis
1756 831 1800 863 ad
1825 831 2022 874 coquinam.

1439 2389 1462 2415 7.
1483 2385 1649 2418 congelauit
1667 2383 1761 2412 m'anca
1779 2388 1807 2412 in
1827 2387 1902 2413 UGR.

1296 2637 1349 2663 “et
1367 2639 1519 2671 genitricis
1539 2642 1587 2665 tue
1612 2648 1698 2666 manu
1725 2642 1937 2667 sollicitudinis
1963 2642 2148 2675 revolvisses,
2165 2644 2196 2668 ai

1299 2681 1530 2707 “sanctorum
1550 2685 1658 2708 etiam
1676 2685 1817 2718 patrum
1832 2686 2123 2711 constitutiones
2142 2686 2195 2711 ad·

1299 2723 1492 2756 “verteres,
1514 2733 1582 2750 non
1609 2727 1776 2758 culpan-es
1801 2727 1988 2752 ecclesiam
2014 2728 2109 2753 circa
2137 2727 2196 2753 de·

1298 2765 1526 2792 “sensionem
1545 2769 1803 2794 ecclesiastice
1821 2770 2106 2800 libertat1s‚cum
2126 2777 2195 2795 non
2224 2774 2255 2802 ts

1299 2809 1449 2834 “debeat
1482 2811 1520 2835 de
1551 2812 1814 2844 prosecutione
1847 2812 2000 2837 morderi
2031 2813 2196 2843 iustitie,

1301 2850 1383 2883 “qui
1399 2852 1618 2877 contendere
1632 2854 1768 2878 nititur
1787 2852 1826 2878 de
1847 2854 1998 2887 abusu„3
2018 2854 2055 2879 cf.
2074 2854 2196 2879 Ronan-

1299 2900 1385 2925 nsso,
1406 2894 1428 2924 1,
1448 2902 1474 2919 n.
1495 2893 1556 2926 296,
1575 2903 1603 2928 p.
1625 2902 1684 2929 219.

1387 2934 1398 2951 ²
1417 2935 1524 2964 Questa
1543 2937 1653 2962 rivolta
1675 2937 1705 2962 di
1730 2936 1874 2963 Rainaldo
1900 2939 1984 2964 conte
2010 2939 2040 2964 di
2066 2939 2195 2964 Bareto

1298 2978 1334 3003 ad
1353 2978 1524 3004 Antrodoco
1539 2980 1584 3004 nel
1598 2979 1717 3005 Rietino
1731 2979 1788 3012 puo
1801 2982 1959 3013 assegnarsi
1977 2987 2058 3006 verso
2070 2980 2196 3006 l’ultima
2223 2987 2257 3007 πο

1299 3021 1403 3046 decade
1424 3021 1453 3045 di
1474 3022 1627 3047 novembre
1649 3022 1725 3054 1226,
1745 3021 1879 3052 Bonum,
1900 3031 1927 3047 n.
1949 3027 2033 3056 12957
2046 3031 2072 3047 a.

347 2679 464 2711 qualche
489 2680 562 2713 rigo¹
589 2681 665 2705 nella
696 2682 804 2706 famosa
832 2681 935 2706 lettera
963 2680 1121 2706 ''Miranda
1150 2682 1208 2706 tuis
1219 2698 1241 2712 ,„

346 2723 448 2747 scritta
468 2723 503 2747 da
522 2723 676 2748 Tommaso
695 2725 724 2748 di
747 2723 846 2757 Capua
866 2723 1014 2749 cardinale
1032 2722 1124 2757 (come
1144 2724 1207 2749 dice
1220 2724 1242 2748 il

346 2764 518 2794 Salimbene,
533 2766 563 2790 ln
578 2767 651 2790 Mon.
665 2767 758 2791 histor.
772 2767 898 2798 adprov.
911 2767 1005 2791 Parm.
1017 2771 1044 2791 et
1056 2767 1243 2791 Placentinum

346 2807 520 2837 pertinentia,
539 2808 650 2837 Parma.
681 2809 755 2840 1858,
781 2817 807 2842 p.
836 2807 905 2842 194),
932 2809 1045 2834 Onorio
1071 2809 1110 2834 111
1135 2810 1244 2841 rispose

348 2857 400 2873 con
422 2849 571 2874 locuzione
590 2850 744 2876 artificiosa
764 2852 838 2876 fuori
860 2853 904 2876 dei
925 2852 1040 2876 termini
1061 2851 1106 2876 del
1126 2859 1244 2877 concor-

349 2890 431 2915 dato:
453 2890 466 2903 “
478 2910 484 2916 .
496 2911 501 2916 .
512 2909 519 2916 .
529 2908 537 2917 .
547 2892 601 2918 Sed
621 2900 673 2925 pro
689 2895 752 2918 istis
766 2896 794 2918 et
807 2894 874 2919 aliis
888 2895 942 2918 hac
956 2894 1040 2918 nobis
1054 2894 1245 2919 retributione

351 2932 536 2965 “respondes,
555 2935 622 2966 quia
641 2935 715 2959 dicis
734 2936 778 2960 ius
798 2937 911 2969 regibus
930 2936 1031 2961 Sicilie
1050 2937 1080 2961 in
1094 2936 1246 2961 electioni-

350 2975 364 2988 “
374 2975 424 2999 bus
444 2976 627 3008 prelatorum.
647 2979 721 3002 sicut
739 2980 842 3003 asseris
862 2979 988 3004 debitum
1002 2986 1037 3003 ex
1051 2979 1180 3010 antiquo,
1194 2986 1245 3004 no-

351 3017 364 3030 “
375 3018 442 3042 stris
461 3019 719 3044 constitutionibus
739 3021 888 3046 minorari.
920 3021 1023 3046 Verum
1036 3022 1060 3046 si
1075 3021 1183 3053 scripta
1195 3022 1245 3045 tua

291 2855 322 2873 10
