2320 3444
126 231 181 268 [Α.
200 233 296 268 1212]
911 230 1187 268 CHRONICA

131 358 262 392 “Circa
291 361 446 403 prelatos
476 367 511 394 et
533 362 690 395 subditos
717 362 896 406 regulares
926 373 968 396 ac

129 412 144 430 “
158 414 332 446 seculares
354 424 568 458 quecumque
592 416 638 448 de
659 415 767 458 ipsius
795 416 969 458 approba-

131 466 252 499 ‘tione
290 468 433 501 concilii
461 468 536 501 uisa
570 469 699 501 fuerint
731 468 890 511 expediri
923 468 967 501 ad

130 521 145 538 ⁸
157 520 295 552 laudem
309 527 343 554 et
358 522 504 565 gloriam
520 523 668 555 nominis
680 522 763 560 eius,
775 522 967 555 remedium

130 574 193 605 “et
215 574 361 606 salutem
383 575 572 607 animarum
595 582 790 607 nostrarum
820 585 863 607 ac
886 585 967 617 pro-

130 627 289 659 “fectum
319 632 356 660 et
384 628 570 660 utilitatem
601 627 747 660 nominis
777 627 966 660 christiani.

129 678 252 718 “Quia
281 679 391 723 [uero]
422 687 503 714 ante
534 680 712 714 biennium
747 692 817 713 non
849 687 968 723 posset

129 734 343 766 “concilium
374 733 557 767 commode
589 734 772 773 celebrari,
796 734 967 777 disposui-

130 788 144 804 '‘
157 797 232 819 mus
253 787 417 829 [interim]
441 798 503 830 per
526 787 618 820 uiros
641 788 831 830 prudentes
845 787 882 819 in
897 787 966 819 sin-

128 842 144 858 *
157 840 246 883 gulis
284 840 472 883 prouinciis
509 841 644 883 plenius
682 840 864 883 explorare
899 850 966 883 que

128 894 347 935 “apostolice
376 894 586 936 prouisionis
615 893 730 926 limam
762 901 966 936 exposcunt,

128 947 191 979 “et
222 947 432 989 premictere
466 947 561 979 uiros
595 946 753 991 ydoneos
791 945 835 979 a'd
873 952 966 979 terre

127 1000 143 1018 ⁸
155 1005 274 1033 sancte
297 1000 474 1043 negotium
497 1000 768 1042 procurandum,
784 1005 822 1032 ut
836 999 876 1037 si,
892 999 964 1031 exi-

126 1055 258 1097 “gente
281 1053 496 1092 necessitate,
527 1063 664 1086 sacrum
695 1052 880 1086 concilium
903 1063 964 1095 ap-

124 1106 140 1123 *
153 1106 365 1150 probauerit,
388 1118 451 1140 nos
473 1107 699 1150 personaliter
721 1106 834 1148 ipsum
857 1117 965 1150 nego-

127 1159 240 1192 “tium
270 1170 479 1193 assumamus
514 1160 680 1192 efficatius
710 1160 963 1203 exequendum.

125 1211 344 1245 “Credentes
367 1213 468 1256 igitur
492 1213 560 1246 hoc
583 1212 733 1245 salutare
749 1212 964 1255 propositum

123 1266 280 1298 “abillo
305 1265 532 1305 descendere,
563 1277 582 1299 a
612 1276 682 1309 quo
712 1276 813 1300 omne
846 1267 963 1299 datum

68 1320 72 1330 ”
125 1319 142 1336 “
153 1318 330 1362 optimum,
353 1325 387 1352 et
402 1329 503 1352 omne
521 1320 647 1352 donum
664 1319 872 1362 perfectum,
887 1318 965 1351 uni-

123 1372 138 1389 “
153 1371 304 1405 uersitati
327 1378 441 1406 uestre
458 1383 521 1414 per
537 1371 793 1416 apostolica(m)
809 1371 962 1414 [scripta]

125 1427 140 1442 ‘⁶
152 1423 251 1458 uobis
266 1425 495 1468 precipiendo
510 1427 722 1465 mandamus,
740 1426 835 1469 quod
850 1436 870 1458 a
884 1436 963 1468 pre-

67 1516 69 1518 ,
125 1478 242 1512 “senti
265 1479 438 1512 dominice
468 1479 714 1513 incarnationis
736 1478 964 1513 M.⁰CC⁰X111

123 1532 138 1548 “
151 1542 243 1565 anno
265 1542 329 1565 uos
351 1533 466 1566 taliter
481 1533 674 1575 preparetis
688 1543 797 1577 usque
813 1532 860 1566 ad
875 1533 964 1566 duos

124 1586 140 1603 ‘⁶
153 1595 262 1618 annos
296 1591 332 1618 et
367 1586 560 1624 dimidium,
595 1587 735 1629 prefixis
770 1586 871 1620 uobis
899 1597 963 1629 pro

64 1647 65 1650 ¹
123 1638 300 1676 “termino
316 1638 479 1672 kalendis
495 1638 718 1679 Nouembris,
734 1641 830 1683 quod
846 1647 963 1674 nostro

57 1685 71 1702 ³
123 1692 213 1725 “uos
236 1692 438 1735 conspectui
461 1694 669 1735 presentetis
692 1703 770 1726 cum
794 1694 963 1727 modestia

58 1743 76 1791 J
124 1746 139 1763 ⁸
151 1750 187 1778 et
208 1746 360 1784 cautela3
377 1746 425 1779 ita
441 1747 534 1790 quod
550 1746 609 1790 qui
625 1747 815 1780 necessarii
833 1748 962 1780 fuerint

68 1795 71 1803 ‘
122 1798 196 1831 ‘de
219 1798 494 1842 archiepiscopis
515 1800 551 1832 et
573 1800 750 1843 episcopis
776 1810 840 1843 pro
871 1801 963 1834 chri-

65 1838 71 1894 Ἀ
123 1852 332 1885 “stianitatis
369 1853 571 1886 ministeriis
609 1853 817 1887 exercendis
855 1854 963 1888 libere

56 1910 67 1950 J
120 1904 136 1922 ⁸
149 1906 291 1939 ualeant
313 1917 504 1945 remanere,
528 1912 564 1940 et
585 1913 655 1940 tam
679 1907 744 1949 ipsi
775 1919 878 1952 quam
902 1908 961 1942 alii

69 1967 70 1970 ¹
121 1960 136 1976 ¹
149 1959 209 2002 qui
232 1959 402 1992 canonica
424 1960 516 1994 forte
546 1961 794 2003 prepeditione
829 1962 963 1996 detenti

61 2011 70 2022 ”
119 2011 135 2029 “
149 2013 377 2054 personaliter
399 2014 520 2046 uenire
545 2014 777 2058 nequiuerint,
805 2015 963 2059 ydoneos

60 2067 69 2107 j
121 2066 136 2084 “
149 2075 212 2108 pro
234 2077 271 2099 se
287 2066 439 2111 dirigant
453 2069 682 2110 responsales,
699 2079 766 2102 nec
782 2069 960 2113 quisquam

121 2119 338 2162 “superfluas
360 2126 420 2154 aut
442 2131 628 2163 pomposas
650 2122 758 2155 faciat
781 2133 961 2165 expensas,

121 2174 137 2191 ‘⁶
149 2179 202 2206 set
213 2174 424 2207 necessarias
435 2181 471 2207 et
482 2176 688 2213 moderatas,
702 2181 833 2209 tantum
845 2182 960 2210 osten-

67 2226 75 2230 ”
121 2226 270 2259 “dendo
292 2237 330 2260 se
351 2233 433 2260 actu
464 2235 500 2261 et
529 2228 651 2261 habitu
679 2239 799 2262 uerum
831 2229 962 2263 Christi

67 2275 75 2282 '¹
122 2279 333 2317 “cultorem3
365 2290 443 2314 cum
473 2291 546 2314 non
575 2281 742 2314 secularis
772 2283 958 2326 applausus

64 2342 66 2344 ·
122 2333 202 2365 “set
223 2333 411 2376 spiritualis
433 2335 615 2378 profectus
637 2335 673 2368 in
697 2336 764 2368 hoc
787 2336 832 2369 sit
853 2346 961 2380 nego-

74 2399 79 2411 ν
119 2385 136 2403 ⁸
149 2385 197 2418 tio
220 2386 457 2428 requirendus.
503 2387 645 2420 Interim
666 2397 752 2421 uero
769 2395 804 2421 et
819 2399 884 2432 per
899 2399 961 2422 uos

66 2431 71 2469 J
121 2438 137 2456 ⁸
147 2438 243 2482 ipsos
258 2443 294 2472 et
308 2449 372 2481 per
386 2439 474 2472 alios
489 2440 581 2474 uiros
595 2441 784 2484 prudentes
800 2442 962 2475 uniuersa

122 2491 320 2525 “subtiliter
341 2492 532 2536 inquiratis,
556 2504 622 2538 que
645 2495 876 2538 correptionis
902 2501 962 2529 aut

79 2546 83 2549 “
119 2545 135 2562 “
149 2545 406 2579 reformationis
439 2547 553 2580 studio
586 2547 746 2591 indigere
783 2548 960 2589 uidentur,

63 2589 75 2606 ³
122 2598 138 2616 ⁴⁶
150 2604 185 2631 et
206 2608 248 2631 ea
270 2598 419 2632 fideliter
434 2599 696 2634 conscribentes
712 2601 757 2634 ad
771 2602 862 2635 sacri
878 2612 960 2635 con-

75 2652 77 2654 ’
121 2651 136 2668 ‘⁶
150 2652 220 2684 cilii
244 2653 429 2695 perferatis
452 2664 607 2686 examen.
655 2655 779 2688 Nullus
794 2655 909 2698 itaque
925 2667 961 2690 se

71 2805 89 2810 ,
205 2789 231 2813 3.
249 2781 371 2814 esperire
391 2782 455 2807 Cod.
474 2795 507 2799 —
527 2789 559 2814 33
563 2797 639 2807 .....
660 2783 845 2815 responsales,
865 2791 960 2817 perso-

117 2829 216 2848 narum
230 2824 259 2848 et
271 2824 447 2848 evectionem
461 2825 667 2854 mediocritate,
680 2832 762 2857 quam
774 2825 962 2852 Lateranense

68 2875 82 2888 s:
117 2866 273 2890 concilium
287 2865 428 2896 definlvlt,
448 2868 479 2891 ut
493 2867 589 2891 nullus
609 2868 730 2892 omnino
749 2868 853 2900 plures,
865 2870 960 2901 quivis

73 2943 75 2947 ¹
118 2910 210 2932 nutem
229 2909 377 2941 pauciores
402 2908 538 2934 adducere
557 2916 649 2934 secum
675 2910 835 2942 possin...
861 2911 960 2936 MAnsi

118 2962 150 2987 ss
165 2957 208 2983 34.
222 2958 374 2983 pomposas
389 2951 452 2976 Cod.
472 2964 480 2970 ··
494 2960 524 2976 su
542 2959 641 2976 rasura
660 2952 691 2976 di
702 2953 796 2983 prima
810 2961 886 2978 mano
905 2961 960 2978 ree-

70 2983 78 3034 ἶ,
117 2993 166 3024 glo
187 2993 250 3019 Cod.
270 3006 302 3011 —
322 2999 363 3025 39.
381 2992 482 3018 Mmsx
501 2994 644 3026 aggiunge
663 3003 696 3018 un
715 2995 825 3025 periodo

1021 837 1071 874 '10

1032 1108 1069 1141 15

1027 1377 1070 1409 20

1026 1643 1067 1676 25

1026 1910 1068 1942 30

1024 2175 1066 2209 35

1024 2444 1066 2476 40

1033 2964 1046 2990 5
